2622 4862
207 369 265 438 De
288 365 406 436 sonna
422 364 510 436 libri
537 352 968 458 epistolico-symbolica
1074 367 1123 438 13

40 552 204 619 accedunt
222 553 261 632 ¹).
311 545 346 630 2)
370 545 483 614 Altera
504 545 672 617 difficultas
700 558 938 632 temporum
966 555 1013 606 est
1040 541 1123 608 deli-

44 642 256 725 neandorum.
322 651 410 716 Cum
437 654 526 717 enim
555 662 644 716 vates
671 671 737 716 una
758 649 922 715 visionum
943 646 1123 712 cohaeren-

45 773 120 836 lium
143 765 231 832 serie
252 761 363 826 omnia
383 759 419 823 in
440 769 609 822 aeternum
630 773 733 842 usque
760 765 919 820 eventura
951 754 1123 838 complecti

37 879 158 952 vellet,
193 869 300 934 omnia
330 869 378 930 sic
398 861 623 950 componenda
643 871 751 939 erant,
780 869 817 922 ut
838 879 904 922 una
929 859 1018 924 velut
1041 859 1121 924 liora

39 983 71 1046 ei
95 985 277 1056 monstrata
297 969 515 1054 uiderentur,
545 965 748 1052 temporibus
776 963 870 1028 etiam
891 964 1035 1060 manime
1050 963 1121 1030 dis,-

45 1087 117 1150 sitis
148 1076 376 1146 contrahendis
405 1086 437 1138 et
468 1074 539 1160 ipsa
566 1071 767 1162 singulorum
796 1069 958 1139 sactorum
988 1076 1122 1142 historia

51 1210 141 1274 quam
159 1181 356 1252 brevissime
377 1177 571 1245 delineanda.
633 1179 678 1242 Et
699 1178 798 1242 ceteri
819 1179 951 1263 quidem
972 1193 1062 1246 vates
1086 1183 1122 1248 in

46 1289 201 1380 temporis
228 1283 444 1350 delineatione
470 1303 588 1369 parum
617 1281 721 1346 exacti
753 1279 851 1344 niodo
879 1307 932 1350 res
951 1285 1121 1353 futuram
1221 1357 1224 1362 ἱ

39 1421 74 1462 se
102 1397 192 1462 visas
229 1393 276 1458 ita
303 1399 455 1468 narrant,
489 1389 577 1472 quasi
608 1388 674 1471 jam
697 1387 876 1452 transactae
896 1387 982 1466 sint3
1021 1391 1120 1455 modo
1177 1423 1179 1440 =

37 1499 226 1570 visionum·
240 1491 313 1558 fere
337 1493 428 1558 obliti
455 1503 608 1578 tanquam
638 1491 763 1557 futuras
793 1491 997 1573 describunt,
1029 1497 1119 1565 utin

37 1617 129 1671 sueta
161 1601 314 1666 oratione
338 1595 538 1686 prophetica.
597 1595 633 1660 A
650 1601 727 1680 'qua
753 1596 899 1663 mixture
916 1601 1023 1685 paullo
1042 1603 1121 1668 slie-

39 1712 113 1776 nior
144 1705 317 1772 Jobannes
346 1699 498 1764 omnibus
519 1698 638 1792 futuris
663 1696 761 1762 rebus
779 1700 842 1764 rite
861 1701 898 1766 in
919 1716 1066 1791 tempora
1088 1717 1122 1772 et

41 1817 131 1901 quasi
157 1808 316 1900 periodos
348 1804 527 1872 distributis
558 1803 598 1868 ab
630 1801 722 1868 initio
751 1803 789 1867 ad
814 1803 914 1872 linem
945 1829 1063 1896 usque.
1078 1811 1121 1876 iu

49 1915 183 1996 narrat,'
199 1915 307 2000 'qnasi
331 1933 452 1976 omnes
481 1912 552 1996 ipse
580 1907 772 1974 brevissimo
802 1926 950 2000 ternpore
982 1915 1121 1991 viderier
1223 1965 1226 1970 ι

51 2042 125 2084 raro
140 2031 281 2099 tantum,
302 2016 441 2082 fictionis
460 2014 530 2080 fere
543 2015 735 2094 immemor,
756 2015 791 2080 in
812 2015 1002 2084 futurum
1020 2033 1122 2088 tema
1221 2009 1228 2030 '

50 2146 128 2211 pus
145 2122 291 2202 aberrat,
310 2124 357 2211 (9²,
376 2129 407 2192 6.
432 2131 482 2194 13,
502 2130 534 2189 8.
554 2129 643 2200 20,7
662 2116 719 2183 ubl
738 2119 770 2186 ld
793 2121 835 2186 Ob
857 2125 971 2192 mille
993 2149 1122 2192 anno-

44 2252 132 2294 rum
150 2226 374 2315 intervallum
386 2211 571 2294 excusaturl
592 2225 636 2289 ita
656 2235 766 2290 tamen
786 2239 825 2291 ut
844 2231 1044 2315 paucissimis
1066 2233 1123 2300 in·

42 2337 185 2418 teriectis
213 2355 268 2397 res
298 2331 420 2396 iterum
440 2329 581 2396 vividius
600 2331 691 2415 quasi
708 2333 777 2417 ipse
796 2332 916 2401 viderit
937 2335 976 2401 in
997 2359 1122 2425 prae-

43 2435 178 2526 terito
212 2457 365 2504 enarrare
394 2446 529 2522 pergat3
578 2456 675 2520 quem
706 2433 806 2501 futuri
841 2439 876 2506 in
908 2443 1126 2528 praeteritum

41 2555 173 2631 tempus
207 2541 383 2608 transitum
418 2538 561 2606 subitum
580 2541 633 2605 vel
652 2553 726 2604 tum
747 2541 810 2606 sibi
831 2549 1011 2630 permittit,
1044 2563 1140 2624 euni,¹
1179 2616 1180 2620 ,

44 2649 120 2712 deus
139 2649 214 2734 ipse
235 2667 289 2708 res
309 2643 435 2709 futuras
455 2645 639 2732 praedicere
659 2647 774 2733 incipit
795 2661 845 2727 11,
863 2659 969 2722 3-13.
1013 2653 1121 2740 Ipsius
1219 2681 1228 2699 s

47 2766 153 2818 autern
181 2750 344 2838 temporis
377 2749 462 2835 quod
487 2751 573 2816 inter
600 2752 739 2838 singulas
757 2747 914 2818 'visiones
939 2756 1123 2841 intercedit,
1173 2809 1179 2822 ,

51 2867 118 2920 tem
134 2877 253 2942 parum
274 2855 355 2918 ratio
377 2855 529 2936 habetur,
551 2867 588 2920 ut
608 2855 661 2918 vel
675 2853 761 2930 mille
773 2875 874 2918 annos
893 2859 996 2922 oratio
1011 2872 1122 2926 trans-

45 2959 137 3047 gredi
156 2969 256 3046 queat
277 2964 343 3039 (20‚
354 2961 444 3041 6.f7.)
486 2961 558 3024 Nec
576 2960 722 3023 locorum
739 2959 846 3024 unitas
857 2961 988 3047 cogitari
1005 2977 1124 3050 potest.

44 3067 245 3152 Quanquam
266 3063 355 3128 enim
373 3063 522 3150 plurima
536 3050 643 3127 coram
667 3063 717 3127 dei
732 3064 853 3128 throno
865 3066 900 3130 in
912 3068 1000 3132 coelo
1017 3089 1123 3156 agun-

44 3182 113 3251 tur,
154 3168 287 3256 saepius
316 3179 427 3234 tamen
455 3166 633 3234 lohannes·
649 3167 684 3232 in
715 3169 783 3232 loca
813 3190 948 3258 prorsus
977 3169 1123 3256 diversa,
1163 3242 1166 3250 f

47 3275 209 3340 terrestria
230 3273 329 3336 etiem
350 3279 401 3353 (ut
425 3283 476 3353 17,
499 3287 517 3346 1
539 3276 623 3358 sqq.)
630 3319 640 3352 ,
660 3287 762 3358 prout
780 3273 889 3358 ipsum
909 3274 1044 3342 visionis
1066 3297 1123 3343 ar-

51 3391 241 3464 gumentum
262 3379 352 3462 vult,
373 3378 477 3467 abripi
490 3382 532 3443 'se
552 3376 656 3466 fingis
688 3378 880 3466 Quaecum
896 3379 940 3444 ita
954 3379 1035 3464 sint,
1052 3405 1123 3451 non

79 3588 111 3657 1)
129 3587 168 3644 ob
190 3603 334 3642 sermones
350 3592 446 3657 quiin
465 3586 638 3660 Apocalypsi
649 3589 895 3660 deprehenduntur
907 3597 1045 3648 variarum
1058 3611 1125 3665 per·
1197 3615 1203 3628 ·

111 3687 267 3758 sonarum*
280 3685 388 3748 primus
414 3681 579 3752 Hartwig
592 3680 744 3751 'Apologia
761 3682 811 3736 der
827 3681 1008 3752 Apokalypse
1029 3687 1064 3740 T.
1074 3689 1125 3742 Ill.

114 3788 141 3838 p.
155 3775 300 3833 283-331
325 3770 392 3824 libri
419 3784 614 3839 argumentum
637 3777 669 3826 in
693 3783 771 3829 actus
801 3786 830 3827 et
856 3791 951 3828 scenas
970 3775 1123 3835 distribuit.

111 3862 170 3916 Sed
189 3878 249 3916 non
267 3873 309 3914 cst
326 3862 560 3938 obliviscendum,
578 3847 719 3917 sermones
734 3869 852 3918 insertos
869 3883 972 3934 paucos
986 3849 1123 3934 symbolis
1223 3849 1226 3856 ,

110 3957 280 4006 monstratis
305 3951 476 4021 explicandis
502 3965 607 4008 tautum
634 3959 794 4023 inservire„
808 3962 846 4011 ita
869 3966 901 4008 ut
919 3973 978 4006 non
994 3967 1051 4007 tam
1068 3973 1123 4009 ro-

113 4034 162 4097 ce's
181 4043 360 4110 interjectae,
386 4049 446 4098 sine
469 4043 571 4113 quibus
589 4047 665 4098 nulla
684 4046 744 4102 fere
762 4059 804 4100 est
821 4045 968 4116 prophetia
985 4044 1123 4111 symboli·

110 4151 162 4198 ca,
198 4119 292 4212 quarn
310 4139 389 4202 signa
419 4145 447 4187 et
472 4140 607 4205 imagines
633 4153 769 4192 summam
792 4139 949 4206 argumenti
973 4147 1002 4189 et
1028 4141 1122 4208 ipsum

110 4241 209 4279 rerum
228 4226 466 4280 monstrandarunr
484 4244 663 4306 progressum
679 4232 848 4284 conducant.
887 4229 888 4236 ’
