2622 4862
261 357 314 436 36
381 405 400 455 ¹.
450 357 508 458 ΒΘ
534 319 696 428 fontibus
721 355 895 424 materiae
918 366 955 422 et
978 355 1141 426 dictionis.

258 541 374 606 ceteris
396 543 442 608 Ν.
463 541 508 608 Τ.
528 538 657 625 scriptis
685 535 807 602 frustra
829 537 943 605 similia
965 559 1104 624 quaeras.
1150 531 1265 618 Quaecu-

176 703 179 712 ,
255 667 320 731 que
347 647 437 710 enim
469 645 509 710 de
539 643 678 731 angelis,
717 643 915 707 daemonum
933 643 1106 730 spiritibus
1137 641 1179 720 (v.
1202 633 1232 697 ad
1248 637 1269 704 ll

253 747 326 834 14),
357 751 474 816 Satana
495 761 528 816 et
548 748 707 816 similibus
727 747 840 826 tradit,
873 765 916 810 ex
937 739 1001 810 lioc
1021 745 1196 834 opinionum
1209 735 1273 823 judai·

222 863 367 922 tarum
398 853 490 921 fonte
517 855 629 920 hausta
655 863 753 934 sunt3
783 872 889 954 neque
916 853 1022 936 stylus
1049 861 1166 914 tantum
1184 843 1225 910 bic
1239 838 1273 904 ilic

249 957 516 1028 Kabbalistarum
540 971 724 1025 commenta
744 956 846 1044 spirat
862 957 911 1040 Ι),
938 955 996 1022 sed
1017 955 1198 1042 conspicitur
1214 947 1274 1012 erin

197 1061 201 1082 '
250 1063 327 1128 artis
357 1060 583 1132 lrabbalisticae
612 1063 781 1129 Gematria
805 1059 907 1127 dictae
934 1063 1107 1150 vestigium
1126 1058 1189 1124 satis
1206 1051 1274 1118 mari·

250 1165 534 1249 festum13,13
530 1169 596 1237 ubi
621 1193 656 1235 v·
678 1179 756 1244 nott
788 1165 952 1255 imprimis
979 1167 1029 1234 fut
1016 1180 1105 1234 turae
1131 1157 1275 1240 Hierosoly·

247 1294 321 1337 mae
354 1273 498 1338 coelestis
534 1274 705 1364 descriptio
735 1284 840 1346 Θ21-
846 1285 898 1355 22,
918 1281 950 1345 5·
963 1285 1008 1352 2,
1028 1284 1099 1354 17..
1139 1280 1274 1356 quanquam

248 1393 360 1444 auctor
391 1378 548 1468 imagines
579 1379 720 1467 judaicas
751 1379 887 1442 exemtis
914 1377 1067 1444 omnibus
1098 1395 1173 1462 quae
1192 1367 1224 1433 ad
1239 1385 1275 1428 tt·

245 1483 386 1572 luptates
416 1499 584 1552 terrestres
605 1482 790 1572 pertinent
801 1483 929 1570 egregie
947 1493 1140 1573 temperatas
1165 1470 1304 1590 depinxit

245 1590 325 1656 adeo
357 1603 468 1664 tamen
500 1591 701 1658 ludaeorum
737 1587 988 1654 kabbalistarum
1017 1587 1119 1654 refert
1145 1578 1273 1668 ingenim
1304 1643 1305 1676 ,

243 1707 282 1762 ut
315 1693 409 1763 facile
447 1696 584 1775 sentias,
626 1704 785 1780 quantum
819 1693 874 1758 hic
905 1693 1089 1760 scholarum
1123 1687 1270 1782 judaicarum

243 1799 440 1866 commentis
464 1822 485 1864 a
513 1800 634 1865 teneris
662 1797 840 1866 innutritus
865 1797 967 1864 fuerit
985 1813 1113 1878 auctor,
1145 1789 1266 1880 quantine
1304 1785 1305 1791 '

168 1987 170 1997 Ι
241 1927 279 1970 ea
314 1901 438 1970 fecerit.
496 1907 533 1988 3)
569 1905 646 1991 Ipsa
678 1901 817 1988 denique
850 1899 1017 1989 linguae
1049 1897 1176 1974 indoles
1203 1894 1271 1962 natira
1304 1961 1305 1994 ,

239 2008 436 2097 scriptorem
467 2003 580 2097 prodit
610 2007 670 2076 vix
699 2031 802 2075 annos
824 2015 943 2095 pancos
965 2008 1191 2076 Palaestina-in
1211 2017 1273 2065 terras
1304 2045 1305 2092 p

144 2155 149 2175 .
240 2125 370 2178 exteras
402 2133 580 2201 egressum.
634 2115 830 2201 Quanquam
858 2111 947 2177 enim
975 2125 1090 2180 auctor
1116 2101 1274 2180 hauddubie

235 2229 309 2284 tum
342 2220 429 2284 iuter
468 2241 582 2308 graece
613 2221 782 2316 loquentes
811 2239 947 2285 versans
978 2239 1125 2310 graeca
1144 2219 1176 2302 2)
1203 2214 1275 2295 liugnt

156 2396 159 2410 Ι
186 2339 188 2346 ’
235 2345 314 2388 usus
345 2333 414 2405 est,
456 2334 570 2390 tamen
602 2345 671 2388 non
705 2333 835 2388 tantum
864 2345 998 2422 graecus
1027 2317 1083 2388 hic
1116 2313 1305 2406 sermohsffl

233 2426 370 2494 braeum
396 2427 541 2496 colorem
557 2437 686 2494 tantum
709 2425 810 2492 refert
829 2437 867 2506 ut
889 2410 1015 2493 nullum
1036 2420 1305 2514 compararim

168 2576 169 2579 =
232 2534 277 2598 sit
300 2535 345 2602 Ν.
367 2536 411 2602 T.
433 2537 593 2624 scriptum
615 2533 658 2623 (δ.
668 2537 722 2616 6),
756 2530 814 2606 sed
834 2548 1073 2619 nonnunquam
1101 2531 1194 2597 etiam
1218 2516 1272 2610 qual

232 2637 357 2704 invitus
377 2636 418 2704 ad
438 2637 578 2706 hebraea
599 2639 727 2726 rapitur
756 2637 858 2704 verba
878 2636 1112 2720 immiscenda,
1143 2655 1217 2724 quae
1232 2629 1269 2716 ipa
1304 2637 1305 2646 ³

230 2745 340 2809 statim
367 2745 490 2832 graecis
522 2745 652 2831 adjectis
676 2742 816 2830 explicat
846 2765 880 2807 v.
904 2739 945 2806 ad
971 2750 1081 2825 3,14;
1115 2755 1219 2822 9,11;
1243 2739 1269 2804 tt

192 2905 195 2912 .
229 2859 291 2929 103
328 2850 356 2914 si
387 2852 531 2935 notiora·
549 2839 630 2912 sunt
654 2843 787 2912 Graecis
820 2856 853 2911 et
884 2847 921 2911 in
954 2845 1059 2914 LXX
1091 2849 1158 2934 jam
1185 2843 1275 2911 usius

229 2961 284 3014 aut
305 2954 371 3016 sola
392 2955 487 3040 ponit
516 2951 618 3018 verba
645 2947 783 3014 hebraea
810 2961 860 3030 19,
885 2962 914 3024 1·
935 2960 966 3021 3·
987 2955 1018 3022 4·
1039 2957 1071 3022 6.
1100 2965 1154 3018 aut
1182 2952 1275 3035 linguae

226 3053 375 3140 ubertate
404 3058 543 3144 quadam
569 3069 602 3121 et
623 3056 738 3142 vigore
759 3055 874 3120 ductus
896 3053 1018 3142 graecls
1038 3055 1203 3144 postponit
1222 3063 1243 3128 l,
1257 3055 1278 3114 l·
1303 3047 1305 3107 Ξ

226 3168 281 3241 22,
300 3167 370 3245 2051
384 3173 434 3244 12,
458 3175 489 3240 9.
512 3174 563 3244 20,
584 3173 615 3236 2·
657 3163 809 3246 Cumque
829 3177 875 3224 ex·
893 3159 943 3224 his
966 3161 1120 3227 omnibus
1147 3159 1215 3226 satis
1232 3173 1275 3242 pt·
1304 3173 1305 3211 1

165 3289 168 3296 ⁴
224 3273 309 3348 teat,
342 3281 509 3334 auctorem
536 3267 677 3334 hebraee
706 3266 845 3332 doctum
863 3253 1041 3354 ipsa'quae
1061 3279 1134 3333 tum
1155 3262 1305 3334 inacho

258 3451 290 3520 1)
308 3452 352 3506 cf
363 3452 569 3512 Rheuferdi
593 3473 692 3512 comm.
716 3403 1043 3545 inMeuscheniN·
1061 3457 1096 3511 T.
1120 3473 1157 3511 ex
1173 3444 1277 3511 Talmud

291 3542 394 3596 fflffilr·
411 3553 528 3614 121090.
556 3547 594 3604 of.
611 3547 687 3602 infru
705 3547 784 3614 ad1,
800 3553 828 3609 4.
849 3552 876 3608 5.
901 3551 927 3613 4,
943 3554 971 3606 2.
995 3557 1098 3602 notata.
1302 3545 1305 3558 ’

156 3705 160 3713 -
254 3663 424 3734 2)hebraes
449 3671 547 3742 lingna
572 3671 668 3728 forsan
692 3687 775 3726 usum
800 3688 861 3726 esse
885 3681 1028 3730 auctorem
1054 3677 1209 3742 suspicatur
1227 3660 1278 3718 Mi·
1304 3731 1305 3740 Ρ

257 3837 260 3844 ,
289 3758 431 3816 chae—lis
455 3763 558 3818 introd.
581 3769 613 3818 in
637 3764 673 3818 N.
692 3763 726 3817 Τ.
754 3779 781 3832 p·
790 3767 876 3826 16443
912 3754 1034 3815 aramaea
1058 3781 1143 3817 usum
1167 3775 1221 3816 esse
1241 3769 1278 3810 ω.
1304 3747 1305 3776 ³

238 3895 241 3906 .
286 3851 339 3900 mit
362 3861 394 3903 ut
419 3867 584 3908 concessum
608 3853 742 3907 Bolten
765 3857 796 3906 in
821 3871 893 3908 vers.
918 3854 1028 3922 epistol.
1060 3855 1096 3910 N.
1129 3856 1163 3912 Τ.
1198 3853 1228 3904 T·
1241 3844 1274 3899 Ill·
1304 3863 1305 3880 ¹

286 3937 374 4008 praef.
401 3957 429 4010 p.
439 3949 484 4004 23·
526 3945 681 4012 Utrumque
705 3947 771 3997 satis
789 3945 855 3999 iude
873 3944 1029 4011 refellitur,
1059 3948 1136 4016 quod
1154 3935 1275 4016 quomod
1304 3971 1305 3988 r

283 4031 315 4082 in
333 4037 505 4090 versione
525 4047 661 4103 graeca
686 4049 769 4087 voces
786 4029 922 4090 hebraeae
940 4047 969 4088 et
986 4049 1100 4104 graecae
1119 4036 1193 4089 idem
1210 4043 1279 4100 pror·
1304 4081 1305 4092 ,

283 4135 330 4172 sus
355 4117 545 4192 significantes
569 4127 705 4192 componi
735 4128 881 4191 potuerint
912 4143 948 4180 ex
975 4138 1112 4194 perpetuo
1141 4115 1277 4194 'scriptoris
1304 4169 1305 4214 q

239 4243 247 4254 ι·
280 4225 373 4278 more,
398 4226 433 4267 ut
455 4218 467 4262 l
491 4216 594 4274 διάβολος
617 4217 657 4264 stul
676 4217 687 4262 f
705 4218 820 4280 Θωνὶς,
845 4231 928 4269 nemo
945 4217 1125 4298 intelligeret·
1178 4279 1181 4286 Ι
1304 4221 1305 4224 “
