2576 4864
178 367 181 374 .
206 321 306 410 ,134
474 295 528 381 ll.
549 261 726 392 Visiones
782 321 814 388 1.
835 305 922 406 Gap.
947 319 985 408 fl,
1013 321 1045 390 1.

230 497 342 584 Quare
376 515 437 560 usu
464 489 669 581 loquendis
696 487 892 560 Graecorum
907 491 989 557 diis
1017 503 1050 556 et
1077 489 1245 558 heroibuslr

136 599 156 624 'r
230 595 338 648 sumto
359 581 471 645 Patres
490 579 658 642 Christum
680 566 874 659 σύνθρονον
895 573 946 664 (ut
964 581 1123 666 sapientia
1137 581 1193 647 τῶν
1206 581 1247 646 lui

230 661 368 756 θρόνων
389 665 553 752 παρέδρος
574 663 659 728 dicta
678 674 746 724 orat
766 663 842 748 Sap.
865 663 930 726 Sal·
947 675 977 741 9,
993 659 1039 748 4.)
1063 677 1097 728 et
1113 666 1180 752 pios
1194 663 1249 754 uui·

234 752 521 841 dpooeappellant
541 744 584 812 cf.
606 749 743 812 Surculi.
764 749 848 813 thes.
870 751 947 812 eccl.
965 749 1008 813 H.
1031 755 1127 822 1164.

233 902 416 1054 rouen·
441 953 703 1032 vrsrouorr
728 933 915 1032 sumus.
958 960 1108 1060 capu,
1122 963 1246 1042 1-m

213 1117 215 1120 ·
285 1091 290 1098 '
319 1087 400 1150 Post
417 1089 573 1175 epistolas
590 1063 651 1150 iras
670 1085 805 1172 scriptus
826 1087 990 1150 evanescit
1005 1085 1159 1163 Messias,
1183 1094 1207 1148 et
1219 1099 1252 1143 un

206 1196 211 1212 ²
235 1171 403 1238 lohannes
423 1175 483 1238 vix
505 1175 569 1236 sibi
588 1171 731 1236 redditus
753 1183 854 1249 esset,
873 1195 961 1236 nova
980 1173 1107 1236 orditur
1125 1170 1253 1251 visisunt

238 1259 391 1344 deinceps
420 1259 580 1323 adfinem
600 1279 702 1344 usque
725 1267 778 1333 22,
801 1263 833 1329 5.
856 1252 1001 1342 pluribus
1026 1257 1199 1322 visionibus
1213 1257 1254 1314 mit

239 1365 312 1406 cum
324 1345 384 1406 hac
395 1339 572 1440 conjunctis
584 1344 799 1408 continuatur.
840 1337 1098 1408 Demonstranda
1113 1353 1177 1408 erat
1190 1335 1255 1406 futuri

225 1447 334 1516 'quam
356 1449 485 1516 sperare
505 1439 640 1516 possent
661 1425 839 1490 Christiani
857 1429 933 1506 fidi,
953 1430 1169 1516 prosperitusr
1187 1418 1255 1486 virili

213 1521 215 1529 '
240 1515 403 1578 coloribus
430 1514 636 1600 depingenda
661 1524 752 1591 erant
772 1523 949 1594 martyrum
971 1516 1117 1600 praemia
1137 1503 1270 1598 splendida*

241 1599 398 1664 adrentus
419 1597 543 1663 Christi
570 1601 607 1662 in
632 1610 751 1662 terrem
770 1609 840 1662 tum
860 1600 900 1666 ed
921 1600 997 1686 pios
1018 1609 1175 1687 quotquot
1188 1596 1215 1656 in
1228 1587 1255 1687 lit

240 1687 476 1772 permanserint
508 1683 684 1750 servandos
710 1695 781 1746 tum
810 1683 850 1745 ad
871 1687 992 1771 impios
1014 1707 1130 1750 omnes
1149 1694 1178 1746 et
1192 1678 1254 1742 intr

241 1791 296 1832 cos
318 1773 367 1834 rei
387 1771 592 1848 christianae,
602 1781 639 1831 ut
648 1767 840 1832 Romam'et
850 1767 1069 1856 Imperatores
1085 1763 1163 1868 ejus,
1172 1763 1253 1854 perde

86 1899 90 1906 ·
153 1905 165 1912 -
206 1891 214 1912 .·
240 1855 320 1930 dos,
349 1857 481 1940 penitus
509 1847 745 1920 exscindendos
769 1856 869 1940 inque
889 1867 1057 1920 aeternum
1081 1877 1100 1918 a
1120 1874 1179 1942 pns
1197 1865 1256 1926 segre

240 1939 383 2019 gundos3
425 1941 519 2022 regni
552 1939 690 2028 denique
725 1941 874 2002 coelestis
906 1941 982 2026 pios
1016 1943 1144 2005 beantis
1169 1936 1257 2026 initiati

240 2021 333 2106 Quae
357 2025 488 2112 quidem
516 2027 625 2090 omnio
652 2047 724 2088 cum
744 2024 910 2088 lohannes
939 2027 1030 2114 quasi
1048 2035 1167 2090 -corarn
1189 2018 1257 2085 videri

242 2108 418 2186 describat,
452 2131 487 2174 se
515 2111 551 2174 in
578 2111 704 2180 coelum
731 2122 860 2197 raptum
880 2114 994 2192 fingit,
1025 2113 1084 2176 ubi
1116 2111 1188 2175 deus
1211 2101 1257 2166 eiu

242 2195 352 2258 omnia
373 2195 725 2276 gubernanstMessies
746 2217 896 2274 suorum,
918 2199 975 2284 qui
994 2197 1056 2260 fidi
1076 2204 1204 2267 manent,
1217 2206 1257 2273 prr

198 2319 202 2328 .
240 2281 344 2366 pitius
379 2298 415 2344 ac
447 2293 566 2368 potens
595 2271 739 2380 adjutor,
769 2293 927 2361 martyres
956 2303 1099 2370 quorum
1127 2285 1255 2345 teuteus

238 2365 452 2450 praedicanda
483 2378 532 2430 cst
557 2389 616 2454 pro
669 2367 713 2429 iis
741 2367 929 2430 hominibus
957 2362 1256 2454 supplicestenduu

241 2451 382 2535 palmas,
419 2453 608 2532 angelorum
633 2389 771 2538 alienique
799 2464 944 2516 catervae
965 2453 1018 2516 dei
1037 2447 1127 2550 jussa
1146 2446 1254 2540 perior

240 2537 337 2600 tiurn‘
351 2549 384 2600 et
412 2535 556 2602 lohinni
577 2559 628 2600 res
649 2533 772 2600 suturas
793 2537 1096 2608 demonstrantium.
1119 2559 1122 2584 ⁷
1158 2531 1203 2600 Ad
1218 2539 1250 2614 ill

240 2643 304 2708 quo
326 2621 444 2686 melius
464 2623 602 2686 lectores
623 2635 868 2709 praeparentur,
915 2670 918 2681 .
1022 2643 1025 2648 ’

286 2719 315 2776 1.
332 2704 482 2780 coelum,
503 2710 538 2772 in
559 2709 645 2795 quod
666 2731 702 2772 se
714 2710 903 2772 translatum
925 2706 1041 2785 sentit,
1064 2687 1250 2794 splendildt

240 2787 364 2854 scribit
384 2789 494 2855 dlv.
513 2806 550 2856 ut
562 2796 724 2860 theutrum
736 2794 772 2858 in
794 2816 856 2880 quo
878 2793 1019 2881 plurima
1040 2814 1123 2879 quoe
1147 2785 1256 2874 sequutus

236 2889 476 2960 repraesentata
498 2891 584 2942 sunt.
625 2877 669 2942 Et
690 2902 751 2967 quo
772 2877 970 2962 graviorain
986 2879 1079 2942 coelo
1095 2869 1259 2942 dec'eruutu

235 2963 341 3052 totius
352 2984 468 3049 nempe
483 2975 586 3028 terrae
598 2960 706 3031 futura
721 2963 875 3048 conditio,
890 2986 929 3028 eo
940 2962 1147 3050 splendidius
1160 2970 1188 3023 et
1197 2951 1259 3040 soler

239 3046 314 3108 nius
340 3059 391 3110 est
418 3049 646 3122 coelicolarum
678 3049 868 3126 concilium,
898 3072 937 3114 eo
968 3051 1182 3130 augustiorem
1199 3043 1261 3126 omli

178 3195 185 3206 .
241 3133 367 3216 spirant
393 3128 594 3228 majestatem
620 3147 654 3198 et
679 3137 904 3203 reverentiam.
961 3133 1126 3200 Praeclare
1152 3128 1231 3212 igitur
1240 3129 1263 3205 ,n

175 3237 182 3258 ⁸
238 3215 410 3300 splendido
430 3220 496 3282 ¹hoc
524 3221 752 3292 coelicolarum
770 3241 920 3286 consessu
943 3219 1058 3308 deique
1075 3217 1263 3295 summitti}i

238 3312 320 3364 state
335 3302 541 3370 describenda
557 3301 679 3368 diutius
702 3319 845 3370 moratur
868 3317 974 3386 vates,
993 3327 1060 3394 quo
1080 3301 1218 3368 attentius
1233 3303 1265 3348 0¹·

238 3397 383 3472 spectent
403 3389 558 3469 lectores,
589 3388 667 3480 quid
687 3389 816 3455 tandem
838 3391 874 3455 in
894 3403 984 3456 tanto
1006 3401 1100 3454 coetu
1120 3384 1265 3450 decernatur·

324 3496 370 3561 V·
393 3512 424 3572 1·
466 3499 605 3566 coelum
620 3503 673 3566 dei
692 3503 928 3583 habitaculum,
949 3501 1036 3591 quod
1054 3505 1097 3565 ab
1117 3480 1265 3562 aetherei·

237 3601 369 3646 versum
397 3588 602 3676 clausumque
634 3590 809 3669 cogitetur,
846 3592 985 3654 seriores
1016 3589 1045 3650 si
1073 3585 1148 3674 quid
1173 3603 1188 3644 u
1209 3563 1264 3635 tuelt

236 3665 411 3745 delabitur,
431 3694 500 3736 non
515 3687 639 3738 tuntum
652 3671 787 3760 aperiri
806 3674 917 3759 dicunt
937 3670 986 3761 (v.
996 3665 1121 3754 Lights.
1139 3669 1174 3730 ad
1190 3649 1265 3742 litati

236 3761 267 3827 32
292 3761 349 3830 163
388 3751 463 3822 Aci·
487 3771 518 3836 7,
539 3766 593 3830 56·
622 3753 782 3842 10‚11·)‚
818 3761 875 3824 sed
899 3769 1025 3847 portae
1055 3759 1150 3822 etiarn
1174 3749 1265 3840 roserit

237 3839 365 3920 fingunt
384 3836 544 3930 cf.‘i1npr.
572 3840 707 3908 Ascens.
728 3843 794 3906 Jes.
819 3852 858 3922 6,,
872 3852 904 3914 6.
927 3857 978 3921 10,
998 3849 1043 3916 24
1063 3865 1138 3930 sqq··
1160 3826 1264 3930 omnibu}

233 3943 413 4026 praeivisse
430 3946 560 4012 videtur
576 3947 759 4013 Ezechielis
780 3947 914 4026 ursula
930 3948 1050 4024 turres,
1072 3957 1101 4022 1,
1115 3955 1143 4014 1.
1161 3938 1194 4000 de
1208 3931 1264 4016 uult

236 4018 422 4124 odiueyyue
437 4053 476 4123 jv.
498 4033 538 4096 ad
560 4047 589 4111 1,
613 4046 665 4106 10·
694 4024 810 4118 ἀνάβα
831 4007 892 4100 uile
915 4025 958 4094 ef.
982 4023 1032 4109 1’1;
1054 4043 1105 4104 12.
1126 4027 1161 4090 de
1179 4021 1215 4082 iis
1234 4021 1267 4092 ‘1¹¹¹

236 4133 273 4175 tn
295 4115 421 4180 coelum
442 4117 623 4200 tolluntur,
646 4117 732 4206 quod
753 4117 915 4206 quomodo
937 4113 1057 4182 sactum
1078 4117 1136 4192 sit,
1162 4130 1195 4172 ³11
1214 4093 1267 4163 ΠΜ*
