2622 4862
108 337 158 403 De
176 341 333 426 tempore·
349 351 421 423 quo
445 322 682 420 Apoealypsis
706 325 841 418 scripta
864 335 925 398 est.
993 339 1044 418 49
1122 293 1127 301 .
1233 425 1235 432 y

21 525 76 588 sius
92 518 148 582 hist.
162 536 232 581 ιοιιι.
254 514 300 578 T.
314 513 359 578 IL
379 533 413 599 p.
431 517 525 584 1056.
546 509 596 575 ed.
617 510 739 590 Reim.)
762 507 932 594 antiquum
955 507 1042 576 Cae.

25 645 108 688 sarum
121 619 305 706 splendorem
324 617 583 711 suspicientibus.
625 615 731 703 igitur
753 613 836 681 bene
858 617 1041 696 Neronem,
1135 629 1155 636 “
1231 699 1236 716 Ι

27 741 55 792 ut
70 725 220 813 putabatur,
251 724 341 788 vitae
366 721 531 786 redditum
557 721 779 810 Apocalypsis
811 717 957 804 designat
978 743 1046 808 per
1094 789 1098 804 ,

23 828 281 912 iestiemcujus
305 826 669 892 vulnus-senatum
692 838 754 892 est
777 833 835 902 13,
855 835 887 895 3.
940 825 1040 912 Quod

21 950 108 1000 nutem
125 934 200 1021 perio
219 929 313 1012 dicit,
343 930 515 995 Neronem
536 929 685 1016 quitum
706 928 877 995 evanuerit
899 921 960 1015 (ἦν
980 933 1040 1000 καὶ
1069 931 1074 936 ’

24 1032 75 1106 οὐκ
100 1043 164 1126 litter
185 1044 238 1118 17,
258 1036 414 1116 8-11·),
450 1045 649 1099 octavum
679 1032 752 1104 sore
790 1033 1039 1120 Imperatorem,

28 1142 171 1206 hauddubie
188 1163 223 1206 eo
244 1148 387 1226 spectat,
409 1138 494 1222 quod
518 1163 594 1205 eum
614 1141 788 1226 septimum
810 1137 920 1204 brevis
941 1141 1039 1228 regni

28 1247 203 1332 imperatorem
219 1244 308 1310 felici
327 1243 437 1310 Marte
457 1243 693 1310 debellaturum
706 1257 739 1308 et
754 1239 853 1310 Orbis
870 1255 1047 1312 terrarum¹

24 1347 88 1412 irena
107 1361 355 1450 recuperaturum
390 1369 460 1444 esse
483 1351 666 1419 eommunis
693 1361 766 1414 tum
788 1351 947 1437 temporis
969 1363 1038 1416 erat

21 1454 144 1537 regionum
167 1455 295 1522 auctori
314 1467 426 1518 nostro
454 1453 658 1540 cognitarum
690 1453 813 1540 opinio.
874 1454 979 1541 Igitur
1007 1461 1036 1526 si

21 1575 91 1618 unns
117 1557 254 1642 quitum
283 1553 485 1652 regnabati.
506 1579 533 1623 e.
561 1570 673 1624 sextus
703 1559 888 1644 Imperator
918 1565 1036 1648 procul

21 1659 87 1726 dubio
104 1663 543 1749 Galbaerat,septir'nus
563 1663 671 1728 Otho
691 1663 914 1750 intelligendus
936 1680 1037 1748 essem
1129 1673 1136 1696 '
1224 1629 1245 1690 ’1

21 1785 87 1847 quen
102 1768 171 1853 quod
197 1769 274 1834 dicit
296 1785 408 1832 auctor
433 1787 494 1853 per
515 1765 616 1832 breve
637 1777 765 1842 tantum
787 1781 917 1858 tempus
937 1793 1036 1836 man-

24 1888 101 1932 surun‘
113 1894 167 1935 esse
184 1893 349 1964 regem,
377 1870 456 1964 satis⁸
474 1881 602 1956 poterat
622 1893 666 1934 ex
686 1871 876 1962 temporum
903 1875 1034 1942 illorum

28 1970 103 2052 quibus
125 1997 225 2042 omnes
259 1975 331 2041 fere
364 1977 611 2063 provinciarum
643 1976 798 2062 praefecti
825 1977 886 2042 sibi
914 1977 1034 2047 infensi

28 2093 115 2159 regum
131 2081 333 2161 affectabant,
355 2081 540 2147 conditione
556 2079 758 2146 concludere.
802 2077 953 2170 Cumque
967 2087 1032 2170 jam
1087 2069 1107 2153 ¹.

25 2193 72 2242 ante
84 2181 176 2252 Galbae
196 2187 326 2254 obitum
345 2189 487 2274 legiones
510 2185 754 2274 provinoiarum
775 2188 1035 2272 germanicarum
1107 2183 1119 2192 ’

23 2279 152 2368 obsequium
180 2291 382 2378 denegarent
408 2313 534 2356 novum
564 2293 803 2378 Imperatorem
832 2293 1033 2378 postulantes
1120 2277 1123 2284 .

22 2385 99 2462 lisele
113 2393 175 2462 hist.
195 2410 232 2480 1,
253 2402 338 2477 12),
366 2396 443 2482 quid
465 2397 586 2462 mirum
607 2409 772 2462 auctorem
794 2407 871 2482 post
894 2395 1034 2464 Galbam
1148 2472 1156 2486 J

22 2496 186 2576 teptinum
206 2503 305 2568 etiam
326 2502 407 2566 mo'x
426 2513 606 2566 venturum
626 2521 702 2578 esse¹
716 2523 759 2564 ex
783 2503 952 2576 communi
972 2525 1034 2568 ιιι·
1133 2585 1136 2594 ¹

21 2609 79 2662 ¹11⁰st
99 2595 232 2690 putasset
263 2606 381 2693 Igitur*
395 2599 523 2693 'septimi
553 2606 612 2670 etsi
640 2627 764 2670 nomen
786 2617 853 2668 erat
873 2607 1063 2692 ignotum,¹

22 2699 68 2763 ath
67 2709 115 2772 revi
137 2723 206 2775 ante
227 2698 374 2778 Neronis
395 2710 542 2774 reditum
561 2709 694 2774 venturi
716 2723 810 2772 certa
819 2722 889 2774 erat
908 2733 1034 2799 exspe-
1076 2733 1079 2798 '.
1177 2751 1181 2764 ·

28 2805 99 2870 llil·
126 2811 286 2902 Quodque
318 2835 420 2901 porro
452 2815 560 2898 adjicit
591 2813 749 2931 scriptor,
770 2813 951 2888 Neronem
971 2838 1057 2904 ρει,

27 2899 152 2984 Orientis
174 2943 267 3008 reges
288 2941 391 3006 regno
412 2919 601 2984 restitutum
620 2918 660 2982 iri
676 2929 774 3003 atque
792 2939 868 2982 eum
885 2918 935 2984 his
951 2941 1034 2988 eon
1054 2932 1057 2940 ’

21 3001 115 3084 iunctm
131 3024 270 3090 Romam
292 3047 486 3091 eversurum
508 3044 577 3087 esse
578 3020 664 3107 (16,
687 3033 761 3093 12-
769 3033 820 3093 21·
844 3031 894 3106 17,
913 3033 964 3098 16·
979 3037 1034 3100 17·

21 3109 87 3184 utiq.
100 3131 189 3220 not),
233 3150 302 3192 nou
336 3129 446 3192 minus
478 3125 606 3212 egregie
639 3123 703 3188 huo
734 3125 880 3210 quadrat.
942 3133 1033 3198 Nam
1133 3177 1137 3190 .

21 3207 60 3279 Ner
41 3225 109 3290 lionis
133 3233 252 3297 mortui
276 3231 322 3296 ,ob
350 3234 421 3298 illos
450 3249 600 3296 rumores
628 3248 696 3292 non
731 3241 859 3294 lanium
886 3232 922 3304 111
959 3245 1031 3300 1010

23 3311 105 3392 Oriente
128 3336 264 3420 plurima
293 3349 364 3404 erat
392 3336 496 3419 farne,
530 3333 574 3398 ita
604 3346 640 3396 ut
661 3331 746 3398 haud
766 3337 860 3421 pauci
882 3339 1030 3406 ultimam
1052 3353 1063 3372 ·’

22 3411 67 3488 iilic
85 3431 251 3504 (laesarum
277 3426 491 3528 propaglutim
530 3435 709 3542 honoribus
751 3459 1040 3528 prosequerentur·

21 3521 91 3616 tinia,
106 3542 359 3610 aadParthotum
379 3543 476 3608 etiam
496 3566 588 3632 reges
609 3544 733 3610 mortui
753 3567 865 3614 curam
888 3552 1031 3617 habuere

24 3626 142 3710 lluimm
157 3650 263 3729 (Suet.
283 3647 364 3714 Ner.
378 3647 483 3732 572)
492 3655 504 3728 1
533 3659 566 3712 et
587 3660 699 3734 postea
719 3649 934 3736 impostorem
954 3657 1029 3722 Ne-

22 3735 71 3801 rnq'q
85 3767 193 3818 nomen
215 3753 392 3818 mentitum
414 3752 511 3817 armis
533 3752 688 3838 adjuvare
709 3751 795 3818 haud
816 3769 894 3823 sunt
921 3761 1029 3826 veriti.

37 3903 188 3978 ildariam
210 3928 350 3992 imprimis
377 3924 489 3976 oracula
513 3921 649 4007 Sibyllina
667 3925 812 3980 circahoc'
830 3939 940 4000 tempus
958 3929 1031 3998 iuss,
1061 3933 1064 3946 '

57 4017 109 4068 ‘lite
131 4015 267 4080 quomodo
285 4015 458 4085 Apocalypsi
476 4018 654 4070 illustrandae
672 4019 824 4071 inserviant
841 4025 1035 4080 monstrarunt

57 4089 185 4158 corrodi
209 4105 379 4162 Gesehichte
403 4105 636 4166 deschttiasmua
662 4109 698 4166 Τ·
710 4099 746 4164 11·
774 4123 800 4177 Ρ·
819 4111 882 4168 5112·
899 4105 1029 4163 ‘Bleek
1106 4109 1108 4112 ⁵

58 4178 326 4268 le.T,11,p.236,.
390 4215 406 4242 ι·
452 4234 456 4244 ·
524 4207 538 4224 ⁴
579 4235 582 4244 =
743 4258 749 4283 ι

836 4317 879 4389 1
970 4375 973 4382 ,
