2546 4868
8 369 232 443 1111111111.
261 367 334 438 111.
350 379 383 448 1.
408 366 450 438 Β.
467 373 500 448 3.
520 389 549 435 1.
560 379 600 460 o,
624 367 710 462 cap.
725 379 785 457 17.
811 377 844 452 4·
854 321 892 450 5.
954 372 1029 455 267

8 555 152 636 tinguitur
176 575 263 640 quae
298 531 407 638 suprax
423 555 474 628 13,
487 564 528 652 4.
549 553 689 614 finxerat
710 563 816 629 vates,
848 552 1029 641 diciturque

8 669 11 701 :
32 639 134 726 pleno
158 641 358 706 nominibus
384 637 620 724 blasphemis,
634 658 715 722 quae
736 639 859 722 scilicet
879 642 1030 704 omnibus
1115 681 1119 694 ·

8 729 106 788 ritibus
133 735 255 808 septem
292 725 454 808 imposita
481 720 650 803 cogitanda
677 735 779 798 suntr
808 724 865 792 sed
886 727 1030 790 colorem

10 806 321 893 saddiurrnfnm
342 801 523 896 (κόκκινον)
553 828 640 883 esse,
676 819 796 893 qumet
817 811 965 894 sangnis
989 815 1028 874 eb

8 897 147 958 ,tiuhristo
171 898 311 958 multus
331 891 485 980 profusus
503 894 632 958 eluceat
652 903 703 967 13.
727 903 759 962 7·
780 905 832 963 to.
854 903 911 973 15,
928 907 967 958 et
987 897 1028 962 ad

8 981 98 1042 teonis
120 967 217 1080 cujus·
238 977 374 1044 formae
392 975 616 1042 Antichristus
637 978 826 1043 simillimus
852 991 921 1057 est,
952 987 1029 1046 san-

8 1065 68 1128 inei·
84 1065 159 1128 rubri
183 1077 241 1144 12,
269 1075 307 1137 3.
329 1066 471 1128 colorem
491 1064 662 1126 alludatur.
681 1096 726 1110 --
757 1063 803 1126 V.
818 1069 850 1134 1.
871 1064 1029 1132 Foetnina

22 1151 67 1236 qui
84 1154 297 1214 meretricem
318 1149 409 1214 decet
428 1149 687 1212 ornatu'lascivo
716 1147 800 1212 viris
820 1151 1026 1235 pelliciendis

8 1245 31 1296 to
55 1237 272 1324 poculumque
306 1257 325 1300 e
351 1257 414 1322 quo
447 1236 562 1298 vinum
583 1235 746 1298 inebrians
767 1245 924 1299 amatores
944 1239 1029 1304 heu-

8 1331 37 1382 11
51 1341 174 1386 aureum
195 1335 324 1386 tenens
345 1331 519 1406 comparet.
561 1315 665 1400 Igitur
685 1318 805 1396 indute,
817 1325 1029 1390 estvestibus

8 1405 253 1484 erulidissimis,¹
278 1427 441 1518 purpurea
474 1406 572 1468 altera
604 1403 708 1468 altera
740 1407 886 1470 coccinea
919 1413 1030 1495 (περι-
1130 1421 1132 1426 ’
1179 1475 1181 1482 ,

8 1491 45 1554 il.
65 1495 270 1582 πορφυροῦν
295 1517 353 1558 και
381 1483 600 1557 clunicense.
625 1487 843 1576 1111111111,
877 1493 963 1578 quod
984 1515 1028 1560 ex

8 1575 46 1634 ¹bo
74 1570 168 1641 facile
203 1577 412 1658 intelligitur
445 1570 487 1636 rf.
517 1584 567 1652 18,
598 1580 649 1644 16·
681 1584 731 1651 19,
751 1580 823 1657 8·)3
857 1574 1029 1645 inaurata

8 1677 37 1718 ro
55 1663 133 1738 ltota
152 1686 238 1728 auro
268 1661 451 1740 coruscans)
472 1672 505 1724 et
526 1659 717 1745 splendens,
747 1673 859 1724 ornata
877 1661 1028 1746 gemmis

13 1747 237 1829 margaritis,
260 1769 394 1835 quarum
415 1756 571 1808 mercatus
593 1756 746 1830 quantum
766 1747 847 1810 lucri
868 1760 1029 1810 mercato-

8 1848 41 1888 ns
56 1827 190 1896 Romam
214 1834 354 1896 luxuria
384 1831 581 1894 diffluentem
595 1830 792 1908 ¹adeuntibus
811 1832 923 1894 tulerit
942 1828 1029 1900 infra

8 1955 16 1986 1
34 1923 132 1986 12-17.
152 1921 296 1982 uberius
318 1918 535 2002 descripturus
551 1927 599 1978 est
621 1927 723 1978 rates.
776 1917 935 1981 Similiter
956 1936 1028 1984 me·
1096 1977 1100 1980 .

8 1997 79 2062 trices
97 2001 261 2068 delicatas
282 2015 315 2067 et
342 2002 512 2089 splendide
534 2011 661 2064 ornatas
683 2000 808 2082 Tyrum
829 2017 861 2066 et
882 2002 1027 2084 Babyloss

8 2099 43 2142 nu
58 2084 291 2175 descripserant
316 2087 441 2164 En28,
462 2097 513 2158 13.
533 2086 596 2150 Jes.
613 2094 665 2162 47,
688 2099 717 2157 1.
738 2098 769 2158 2.
790 2099 823 2158 8.
873 2087 1028 2156 Pocnlum
1052 2143 1056 2161 ,
1092 2125 1093 2130 1

8 2185 83 2232 rreum
98 2170 177 2258 (let.
196 2185 257 2252 51,
278 2169 343 2256 7.),
365 2176 440 2260 quia
461 2175 553 2234 ineo
574 2173 689 2234 vinum
702 2175 843 2236 mixtum
860 2186 908 2238 est
925 2178 1028 2261 phir-

8 2252 171 2323 rarisnultis
185 2276 222 2324 et
239 2260 375 2346 philtris
385 2258 425 2320 ad
437 2258 621 2322 ebrietatem
632 2256 863 2346 libidinemque
881 2262 1028 2328 ciendam

8 2345 154 2422 rrupmitis',
177 2350 291 2433 qualia
312 2342 380 2407 sere
400 2344 573 2427 descripsit
593 2342 730 2408 Theorr.
751 2354 781 2422 2,
804 2356 844 2415 17
864 2366 951 2432 sqqc,
975 2371 1030 2410 re·
1093 2399 1094 2402 ¹
1190 2365 1193 2378 ’

8 2419 79 2490 tour
99 2428 224 2522 dicitnr
255 2427 354 2494 rebus
382 2425 597 2492 detestandis
630 2439 663 2490 et
689 2429 826 2514 impuris
848 2443 1029 2498 scortorum
1133 2505 1136 2511 f

9 2525 183 2614 rimantis,
206 2547 249 2599 nt
270 2517 394 2610 lliltln
415 2553 487 2596 curn
503 2531 611 2618 1713111,
634 2526 805 2630 conjunxit
826 2533 883 2597 ΕΖ.
901 2545 951 2615 16,
966 2549 1028 2616 223
1078 2581 1083 2590 =

9 2623 273 2686 tconstructione
298 2622 390 2685 verbi
423 2641 456 2682 v.
477 2641 510 2705 p.
537 2626 590 2690 116.
617 2655 661 2668 --
697 2621 749 2683 ¹V.
774 2628 806 2689 5.
853 2619 1029 2706 Quomodo
1105 2659 1108 2664 ·

9 2700 72 2762 'coti
96 2700 264 2772 foeminae
293 2727 414 2772 nomen
435 2705 566 2768 inscribi
586 2707 730 2791 potuerit
750 2707 976 2793 quaesiverunt
997 2720 1031 2772 et

9 2779 140 2854 ditarunt
174 2797 384 2879 interpretes.
437 2790 628 2854 Derivatunr
659 2790 694 2852 id
721 2793 817 2856 multi
844 2805 958 2878 putent
986 2815 1029 2858 ex

9 2874 302 2943 eretricumttomao
325 2887 490 2965 quaestum
511 2897 549 2938 se
563 2896 705 2962 corpore
726 2873 829 2940 facere
851 2890 927 2940 nota
949 2901 1029 2966 qua-

10 2967 40 3013 ttu
61 2953 161 3026 fronti
174 2965 281 3028 effixa
303 2956 555 3047 significantium
573 2983 664 3026 more
685 2961 801 3048 Juven.
821 2973 881 3036 sat.
902 2971 933 3041 6,
956 2975 1029 3036 123.

10 3053 74 3101 aneu.
93 3062 241 3115 controv.
263 3063 291 3127 1,
311 3059 343 3122 2.
397 3048 459 3111 Sed
480 3041 547 3110 iton
568 3060 619 3110 est
640 3047 726 3134 qnod
747 3059 854 3110 vatem
874 3070 916 3111 ex
939 3071 1030 3114 inore
1123 3105 1133 3118 ,

12 3129 36 3182 10
59 3122 151 3196 foedo
183 3137 251 3222 ipsi
285 3131 396 3198 forsan
431 3154 472 3196 ne
509 3135 639 3214 cognito
670 3133 800 3278 rpuidem
830 3133 1030 3199 locutionem

10 3219 51 3302 tue
77 3232 255 3296 mutuatum
286 3241 357 3285 esse
394 3219 602 3304 suspicentur.
659 3217 684 3300 l,
697 3219 768 3281 inus
794 3219 891 3281 etiam
908 3220 1031 3284 arridet

10 3283 105 3362 lictori
137 3307 238 3382 (diss.
264 3306 303 3370 de
332 3306 455 3368 occulto
480 3306 569 3374 urbis
599 3303 722 3366 Romae
747 3306 890 3376 nomine.
929 3301 1028 3370 llafn.

10 3381 61 3446 lli·
88 3394 242 3470 probante
268 3377 510 3454 Rosenmiilleri
537 3389 620 3453 libro
652 3390 732 3452 altos
759 3399 792 3450 u.
816 3411 915 3452 neues
936 3389 1030 3454 illor-

11 3461 103 3533 cnland
128 3473 167 3539 T.
182 3485 214 3548 6.
244 3499 278 3564 p.
295 3472 383 3558 228.)
408 3476 592 3552 sententia,
630 3485 735 3539 vatem
765 3495 879 3537 verum
907 3475 1029 3541 Rornae
1107 3491 1112 3508 ⁸

11 3565 86 3616 oruen
105 3565 252 3626 consulto
272 3574 420 3625 tacenten
439 3562 493 3622 hic
513 3559 552 3622 ad
575 3561 733 3622 occultum
761 3561 925 3638 allusisse,
965 3585 1028 3648 quo

12 3639 278 3735 electo-palamque
297 3644 381 3719 sacto
404 3645 444 3706 de
460 3645 553 3708 Urbis
575 3649 674 3708 salute
692 3659 795 3709 actum
809 3642 880 3728 fore
896 3647 1028 3709 traditio
1117 3683 1119 3692 =

11 3722 98 3786 eretur.
137 3733 221 3797 l'lin.
244 3736 278 3795 h.
295 3757 329 3796 n.
349 3744 380 3809 3,
392 3741 423 3801 5.
444 3731 582 3793 Macrob.
598 3743 629 3807 3,
650 3741 682 3801 5.
725 3732 856 3794 Scilicet
875 3753 942 3794 non
960 3731 1031 3793 llo-

11 3817 100 3874 unum
119 3820 310 3885 sacerdotem
332 3819 420 3890 sede
441 3817 570 3878 ludaeis
581 3814 803 3880 Christianum
823 3818 914 3903 loqui
929 3821 1029 3903 'repu-

11 3901 93 3984 lffluss
126 3899 258 3968 Romam
286 3905 467 3990 aequalibus
497 3923 539 3964 ex
567 3913 662 3982 gente
685 3915 718 3964 et
739 3905 870 3984 regione
889 3923 944 3963 sua
964 3923 1029 3964 no-

12 3989 64 4058 11111
82 4003 142 4052 non
161 3993 284 4054 occulto
307 3990 362 4054 sed
386 3991 462 4050 satis
486 3985 872 4071 apertoisignifieanrem
904 4007 962 4050 nec
988 3987 1029 4052 de

12 4073 65 4122 arira
89 4069 142 4136 illa
171 4079 302 4140 obscure
333 4075 437 4136 ullum
467 4074 522 4134 hic
551 4076 725 4154 vestigium
755 4085 809 4135 aut
836 4093 912 4133 vere
932 4072 1030 4136 adest

12 4155 40 4204 11
57 4169 275 4228 avarenosuo
291 4159 472 4246 exspectari
485 4169 601 4244 potest.
623 4159 901 4244 simplicissimam
922 4160 1032 4244 potius
1058 4245 1063 4253 Ι
