2622 4862
64 376 127 445 De
153 371 237 442 libri
254 366 426 463 pertibus
447 371 646 454 earumque
671 379 769 433 nexu
794 359 998 434 artificioso.
1053 381 1103 453 17

17 561 54 624 in
88 569 209 634 terram
241 544 426 616 rediturum
460 557 493 610 et
526 544 600 609 dein
632 541 752 635 judicio
783 529 828 606 de
852 543 915 630 piis
946 548 1104 636 malisque

20 661 127 726 habito
154 659 332 744 impiisque
360 653 493 720 remotis
527 667 668 736 regnum
697 634 834 711 'coeleste
870 649 1103 721 inchoatarum

23 755 596 848 essetMattl1.24.25),lchannes
627 751 726 818 etiam
752 752 901 838 primum
931 757 1101 852 calamita-

17 881 62 934 tes
92 867 222 932 Christi
249 865 394 932 reditum
424 856 671 948 praecedentes,
711 855 800 921 dein.
819 859 927 945 ipsum
955 861 1099 930 reditum

18 955 302 1064 tyrannorumque
342 953 500 1055 poenam,
535 951 692 1046 judicium
724 961 863 1049 denique
891 975 938 1028 et*
956 987 1103 1052 regnum·

24 1079 160 1142 coeleste
197 1072 360 1141 describit.
419 1065 606 1135 Admiscuit
647 1067 698 1138 his
741 1091 822 1155 quae
855 1079 928 1158 tum
963 1094 1097 1152 scenam

29 1195 139 1248 ornant
172 1195 205 1248 et
232 1180 380 1256 variant,
414 1187 487 1238 tum
516 1174 649 1239 consilio
677 1171 868 1238 adhortandi
904 1183 936 1238 et
972 1177 1097 1242 solandi

24 1287 102 1371 quod
123 1299 255 1351 secutus
276 1298 341 1362 est,
371 1281 493 1368 optime
517 1281 737 1360 conveniunt,
763 1291 801 1346 ut
820 1289 1007 1364 martyrum
1027 1281 1095 1365 jam

17 1403 87 1454 ante
108 1389 285 1454 Christum
305 1385 461 1459 reducem
480 1389 601 1448 sortem
630 1383 786 1465 faustam,
820 1405 934 1470 preces
962 1399 1098 1451 sancto··

14 1517 85 1558 rum
114 1495 156 1558 in
186 1493 275 1556 coelo
293 1513 354 1579 pro
383 1489 644 1554 Christianorum
671 1489 803 1577 piorum
831 1491 933 1554 salute
954 1501 987 1555 et
1016 1493 1095 1558 vin-

14 1599 93 1664 dicta
126 1595 306 1684 abimpiis
335 1609 451 1661 eorum
478 1594 625 1659 hostibus
653 1594 827 1676 sumenda,
867 1595 1092 1663 coelicolarum
1187 1610 1192 1626 ⁸

13 1704 50 1770 de
65 1703 198 1795 poenis
215 1703 264 1777 dei
284 1692 412 1788 justis
433 1712 466 1766 et
487 1699 670 1766 Christiana
691 1723 728 1766 re
745 1701 891 1768 victrice.
899 1701 1013 1789 gaudia
1034 1719 1093 1771 etc.

100 1913 300 1998 Quanquam
330 1929 412 1990 vero
434 1907 599 1972 Johannes
628 1919 661 1974 et
690 1919 920 1996 argumentum
947 1905 1023 1990 sere
1037 1921 1095 1974 to-‘

25 2027 92 2080 tum
113 2029 141 2080 et
165 2018 275 2103 prima
292 2013 421 2099 'ordinis
441 2014 608 2078 visionum
627 2009 782 2098 sequendi
804 2013 920 2078 indicia
942 2036 984 2078 cx
1005 2026 1093 2080 tern-

23 2144 133 2208 pcrum
158 2123 293 2190 illorum
318 2117 525 2207 opinionibus
544 2111 674 2196 ⁴hausit,
710 2115 895 2182 admirande
912 2130 1023 2184 tamen
1044 2136 1093 2188 est

18 2248 63 2288 ars
83 2225 221 2308 insignis
244 2247 307 2309 qua
327 2225 372 2290 in
384 2221 572 2290 exornando
592 2219 705 2298 ordine
724 2220 788 2284 hoc
808 2245 885 2288 usus
910 2235 991 2289 ests
1014 2227 1091 2291 Pri-

16 2353 103 2395 mum
142 2328 301 2416 graphice
332 2342 401 2395 erat
437 2325 744 2409 demonstrandum,
778 2331 911 2393 meliora
944 2346 1091 2420 tempora

17 2435 237 2522 paullatim
261 2433 394 2498 demum
413 2431 633 2526 enspectanda
650 2433 738 2514 esse'‚'
767 2450 940 2521 postquam
959 2437 1092 2502 calami-

16 2553 115 2606 tatum
137 2537 316 2603 multitudo
336 2539 566 2625 praecesserit3
597 2537 702 2623 itaque
723 2544 833 2603 morae
855 2535 1031 2605 nectuntur
1058 2555 1091 2608 et

16 2648 169 2712 adventus
204 2643 327 2708 Christi
352 2641 518 2718 diflertur3
556 2662 684 2730 quoque
712 2643 830 2710 diutius
858 2667 985 2710 summa
1012 2645 1091 2712 haec
1165 2722 1170 2729 ¹

21 2746 228 2817 advenientis
242 2746 364 2812 Christi
385 2745 727 2844 visio-protrahitur„
747 2772 785 2814 eo
807 2751 908 2838 magis
930 2751 1110 2816 lectorum

23 2859 148 2922 attentio
165 2854 324 2942 erigitdr3
352 2849 511 2940 simulque
530 2853 665 2919 lectores
687 2871 876 2942 monentur,
905 2860 1096 2945 quanquam
1159 2884 1161 2889 ’

18 2955 167 3047 proxime
200 2960 301 3024 instet
326 2977 447 3044 poenas
483 2957 522 3020 ab
546 2957 644 3045 impii
678 2959 828 3047 exigendi
856 2973 889 3027 et
920 2963 991 3050 pios
1019 2987 1091 3028 ser·
1136 2955 1142 3006 ’-

16 3069 112 3133 randi
133 3081 268 3152 tempus
278 3063 338 3146 d),
369 3072 477 3128 tamen
496 3061 657 3148 patienter
677 3063 716 3127 iis
735 3065 988 3154 exspectandum
1012 3088 1090 3149 esse,

18 3171 116 3237 donec
143 3169 257 3236 omnia
283 3159 450 3253 paullatim
478 3166 579 3254 (quod
606 3166 717 3233 forsan
742 3171 852 3258 paucis
872 3171 965 3236 annis
985 3171 1090 3250 inter-

20 3275 102 3356 jectis
132 3275 209 3341 fieri
239 3293 335 3360 posse
367 3283 479 3336 auctor
508 3268 673 3360 cogitavit)
691 3273 741 3336 'ad
776 3275 954 3362 adventum
983 3291 1091 3363 'usque

25 3379 134 3446 Christi
164 3380 325 3464 completa
353 3375 471 3443 forent.
519 3377 648 3444 Deinde
676 3401 797 3466 poenas
825 3379 865 3444 ab
887 3380 995 3468 impiis
1017 3381 1117 3446 exi?

18 3485 108 3570 gendi
139 3483 288 3550 officium
325 3487 395 3548 'non
422 3483 493 3548 soli*
511 3484 642 3549 Christo
674 3485 873 3572 injungitur3
910 3501 947 3550 ut
979 3486 1095 3573 potiu's'

22 3589 238 3672 paullatim
259 3585 373 3668 omnes
400 3586 519 3673 impios
548 3582 754 3652 eversum'et
776 3589 857 3675 mala
879 3591 1096 3676 quaecunque'
1128 3589 1142 3616 ²

23 3691 177 3757 sublatum
206 3691 248 3756 iri
276 3701 531 3780 monstraretur,
565 3670 716 3756 Christus
743 3689 779 3756 in
807 3689 873 3758 fine
897 3685 1029 3761 demum
1051 3708 1109 3760 utvv

18 3799 233 3863 annotamus
268 3797 324 3883 qui
362 3807 538 3881 supersunt
563 3797 672 3884 hostes
706 3795 841 3862 debellet
867 3807 1013 3885 unoque,
1053 3805 1095 3863 ut'

18 3900 113 3983 decet,
132 3903 205 3968 ictu
229 3881 264 3965 et
281 3889 362 3964 nutu
384 3901 515 3986 quaevis
539 3890 623 3970 mala
642 3884 765 3989 reliqua
785 3903 890 3982 tollat,
912 3901 1088 3969 adveniens
1154 3923 1158 3927 ·
1207 3921 1210 3924 ·

19 4005 229 4084 describitur3
267 4006 467 4092 praecedunt
498 4027 579 4098 vero
612 4027 688 4072 eum
721 4007 823 4094 angeli
863 4005 1005 4070 ministri
1033 4005 1095 4090 qui·

56 4225 78 4292 1)
95 4223 134 4282 cf.
149 4221 231 4279 irrl'ra
250 4221 283 4276 ad
301 4218 384 4276 verba
401 4224 424 4272 lv
439 4225 509 4283 τάχει
529 4231 554 4288 1,
573 4231 599 4282 1.
627 4227 646 4302 Ἰ

1111 4239 1112 4246 t
1152 4244 1158 4252 Ι

1158 4273 1159 4282 i

863 4329 885 4398 2
1077 4329 1081 4336 ν
1151 4317 1153 4324 V

678 4355 680 4364 v
758 4361 761 4364 .
886 4351 887 4356 ¹
985 4349 990 4364 ⁴.

664 4467 668 4474 .

749 4481 752 4490 s
