2622 4862
159 354 184 424 a
321 339 380 411 ne
400 323 521 412 ranna
540 336 625 413 usa
649 337 1092 435 epistolica-‘symbolica

161 544 236 593 rare
255 537 421 612 putarent,
449 534 542 590 vates
568 523 636 607 jam
659 543 728 587 non
748 521 893 588 lehovae
920 533 1049 590 tantum
1077 545 1181 611 opera
1219 528 1248 590 in

162 630 343 702 visionibus
364 630 412 694 uti
427 639 601 715 poterant,
622 629 713 712 cujus
737 629 806 718 ipsa
827 627 983 712 majestas‘
1005 639 1043 702 ut
1069 626 1193 696 breves
1221 643 1252 694 et

165 734 313 800 concisae
333 730 400 798 sint
420 733 560 797 visiones
582 734 743 818 postulat3
777 735 833 798 sed
861 755 965 798 unum
988 733 1146 818 pluresve
1166 735 1253 797 sub-

164 840 239 907 inde
262 839 392 926 angelos
414 833 544 925 fingunt
564 859 582 900 a
603 837 729 902 Jebova
750 839 865 902 missos
886 835 994 922 lutura
1021 837 1084 902 sibi
1111 841 1253 925 aperire,

164 958 403 1012 monstrare
437 955 474 1033 et
501 940 683 1026 explicare3
717 939 796 1004 hinc
827 940 906 1006 dum
935 939 975 1003 ab
1007 945 1129 1028 angelis
1150 945 1251 1008 etiam

164 1073 225 1139 per
254 1049 366 1136 plures
401 1058 440 1110 ut
468 1046 510 1117 ita
539 1046 643 1110 dicam
677 1067 789 1110 scenas
820 1044 930 1136 futura
968 1057 1251 1130 repraesentantes

165 1153 346 1244 prophetae
374 1149 555 1230 ducuntur,
579 1153 684 1237 «longa
712 1150 877 1215 visionum
910 1167 1110 1212 annexarum
1145 1152 1249 1215 series

167 1258 267 1347 pandi
287 1265 414 1343 potest,
435 1254 527 1338 quale
548 1256 735 1342 exemplum
755 1256 899 1342 primus,
929 1264 1082 1340 quantum
1104 1274 1146 1315 ex
1166 1253 1243 1318 lite-

166 1385 280 1432 rarum
303 1359 517 1424 hebraearum
544 1357 750 1446 fragmentis
766 1358 859 1424 nobis
886 1355 1108 1445 superstitibus
1136 1358 1240 1444 colligi
1284 1362 1288 1370 ’

168 1479 291 1560 potest,
309 1447 459 1530 Ezechiel
472 1459 515 1528 in
536 1461 745 1554 describenda
765 1459 1043 1548 futura‚'quale1n
1064 1461 1178 1548 cupit„
1195 1463 1245 1526 ci-

166 1565 275 1637 vitatis
298 1566 490 1634 Israeliticae
510 1566 744 1646 restauratione
765 1589 793 1631 c.
811 1571 855 1638 40
868 1603 887 1616 ·
900 1570 943 1639 48
963 1567 1116 1652 praeivit.
1157 1565 1255 1638 Om-„

163 1663 248 1739 'nino
281 1687 388 1736 autem
418 1671 478 1745 vix
505 1669 568 1736 dici
594 1683 717 1758 potest,
751 1683 909 1760 quantum
930 1673 1120 1756 angelorum
1142 1672 1253 1736 inter-

167 1789 288 1842 ventus
322 1774 491 1862 frequens,
520 1798 624 1871 [quem
649 1776 788 1842 seriores
816 1774 994 1862 prophetae
1025 1775 1097 1840 sibi
1119 1777 1253 1842 licitum

167 1891 343 1972 putarunt,
363 1877 486 1967 ,poesin
517 1889 589 1942 tum
619 1881 710 1968 epico
725 1919 743 1932 -
760 1881 966 1960 didacticarn,
1005 1882 1095 1964 cujus
1120 1881 1254 1969 insigne

153 1975 368 2070 'exemplum'
393 1979 517 2048 Tobiae
547 1985 628 2052 liber
657 1999 721 2071 est,
755 1995 828 2053 tum
855 1985 1253 2074 prophetico-symboli-

169 2111 240 2154 cam
260 2087 428 2174 adjuverit
709 2091 711 2098 ’

250 2297 252 2304 ’
283 2307 314 2369 2.
343 2293 556 2384 Antiquiores
593 2297 774 2388 prophetae
809 2299 1005 2386 symbolicas
1040 2279 1182 2362 visiones
1216 2311 1256 2364 et

168 2401 272 2496 rarius
292 2413 326 2466 et
347 2422 416 2466 non
436 2403 497 2467 nisi
519 2406 671 2470 orationis
693 2429 768 2470 suae
799 2399 1006 2492 explicandae
1034 2425 1128 2466 causa
1154 2401 1255 2467 adbi-

169 2505 258 2572 bent.
299 2505 398 2571 Unde
417 2505 554 2570 seriores
575 2519 703 2573 tantum
724 2511 915 2592 deflectunt,
942 2522 979 2574 ut
1000 2508 1145 2573 oratione
1165 2491 1255 2594 pio-

167 2611 296 2698 phetica
323 2609 393 2674 fere
422 2613 540 2678 omissa
567 2615 746 2679 visionibus
779 2627 909 2680 tantum
947 2627 1093 2680 utantur.
1158 2613 1253 2680 Cum

169 2705 256 2780 enim
286 2714 464 2800 prophetae
491 2741 597 2804 neque
625 2721 762 2807 amplius
791 2721 876 2786 sieut
900 2717 1077 2805 antiquitus
1102 2717 1252 2784 solebant

168 2821 204 2884 in
225 2820 392 2907 publilium
413 2820 611 2907 prodeuntes
633 2824 792 2890 orationes
814 2827 1008 2904 recitarent,
1049 2807 1155 2906 neque
1174 2843 1251 2886 ser-

169 2926 276 2990 monis
313 2924 432 3012 poetici
473 2924 521 2986 vis
554 2935 587 2987 et
624 2939 757 2991 ornatus
786 2928 961 2994 acrioribus
992 2936 1121 3014 praesto
1157 2940 1245 3006 esset,
1283 3009 1286 3014 Ι

176 3031 316 3110 evanuit¹
343 3030 439 3094 etiam
473 3029 638 3114 paullatim
661 3032 842 3096 orationum
862 3032 951 3116 quasi
966 3025 1249 3116 publice'habitae

172 3133 288 3200 essent
302 3132 610 3220 conscribendarum
631 3158 719 3216 mos,
750 3137 921 3202 substituta
951 3133 1114 3200 visionum
1133 3133 1252 3216 forma,

170 3217 252 3325 quae
286 3262 355 3304 non
390 3250 459 3302 tam
492 3241 672 3306 verborum
705 3227 820 3308 cinatu
854 3253 886 3306 et
919 3241 1066 3328 pondere
1099 3245 1254 3325 (possunt

170 3345 258 3408 enim
288 3349 439 3408 sermone
467 3344 535 3410 fere
564 3344 705 3433 pedestri
733 3345 907 3425 conscribi)
941 3367 1038 3430 quam
1070 3345 1252 3429 imaginum

171 3455 408 3525 narrandarum
448 3464 482 3519 et
512 3451 742 3540 symbdorum
773 3473 938 3517 novorum
972 3459 1005 3512 et
1043 3446 1248 3526 mirabilium,

102 3535 132 3618 ιι
171 3553 360 3650 angelorum
382 3557 519 3643 denique
551 3555 584 3620 et
611 3541 746 3620 aliarum
775 3541 963 3620 coelestium
984 3567 1171 3618 naturarum
1192 3551 1247 3615 in-

154 3679 328 3734 terventu
349 3677 382 3730 et
403 3659 607 3727 sermonibus
626 3660 784 3725 lectorum
808 3662 933 3726 animos
954 3661 1144 3747 percellunt.

284 3882 316 3948 3.
349 3869 416 3958 Qui
435 3867 507 3937 libri
530 3866 627 3950 hujus
649 3867 774 3952 generis
795 3866 870 3932 inde
900 3887 918 3930 a
939 3862 1135 3931 Danielis
1163 3861 1256 3928 libro
1306 3939 1307 3947 ἵ

171 4001 273 4064 usque
306 3977 345 4042 ad
379 3975 557 4041 secundum
592 3971 662 4036 fere
698 3994 732 4058 p.
760 3971 821 4036 Cb.
849 3971 992 4036 seculum
1019 3967 1133 4056 scripti
1162 3983 1257 4050 sunt,

171 4083 367 4169 singularem
387 4104 500 4148 rerum
523 4077 681 4168 symbolis
704 4089 885 4162 notatarum
914 4075 1140 4140 obscuritatem
1170 4095 1256 4160 prae

173 4211 207 4280 se
229 4187 347 4256 ferunt.
397 4185 540 4256 Postulat
560 4184 648 4250 enim
668 4182 922 4274 ipsa'visionum
944 4185 1014 4266 lex,
1034 4193 1071 4247 ut
1091 4203 1144 4246 res
1165 4181 1256 4246 ima·
1305 4173 1306 4192 ³
