2576 4864
186 319 208 394 l.
232 303 474 392 Prooemium.
509 320 817 416 Ι(311111041.
889 287 892 292 Ι
989 335 1039 416 97

18 569 19 572 ,
83 506 164 579 1110.
187 498 432 598 Ernredpuvr
458 509 563 605 rippa
577 523 678 597 pavr
701 503 883 591 γίγνεσθαι
905 501 1040 592 spiritu

19 612 87 698 quasi
105 611 213 687 teneri,
241 610 319 675 dum
347 602 510 692 cogitetio'
528 607 568 670 de
592 602 685 670 rebus
706 609 830 672 divinis
876 610 906 671 ia
928 623 961 674 et
982 613 1038 676 in-

21 709 79 760 tenta
97 699 218 760 animum
251 698 445 760 hilariorem
466 705 498 754 et
521 694 790 779 perspicaciorem
813 632 918 759 reddit
940 695 1039 760 ima-

17 778 172 866 ginibusque
185 783 384 867 phantasiae
413 780 529 843 oblatis
557 780 694 844 consilia
715 783 807 865 prius
831 773 897 872 jam
920 785 1038 862 agitate
1088 794 1090 802 ’

17 868 147 940 coufirmat,
177 863 238 944 (cf.
261 867 413 929 Nossenr
442 863 587 928 exercitt.
615 861 655 924 ad
675 885 701 925 s.
723 885 750 926 s.
773 867 941 952 interpret.
964 889 1038 952 pag.
1128 870 1129 878 ’

17 957 45 1019 13
60 959 123 1036 sqq.)
142 962 173 1012 ut
192 955 229 1022 ἐν
249 944 396 1026 decedere
416 950 597 1038 γίγνεσθαι
617 945 691 1013 Act·
711 962 762 1024 10,
785 961 836 1020 10·
861 962 910 1028 11',
932 961 963 1021 5·
983 964 1036 1029 22,

17 1046 47 1103 17
71 1034 173 1098 Hebraei
199 1040 341 1104 seriores
367 1033 566 1123 frequentius
597 1033 708 1097 dicunt
735 1057 796 1121 pro
828 1039 1037 1126 antiquorum

20 1139 147 1202 locutione:
197 1117 243 1216 5³3
269 1143 376 1214 ΠΠἹΠ
396 1114 427 1184 ³¹⁴³
449 1139 520 1214 ηῆἾ
542 1135 692 1224 spiritua
718 1136 777 1202 dei
796 1137 975 1204 descendit
997 1141 1036 1203 io

20 1233 99 1286 vatem.
130 1223 235 1288 ldeam
256 1203 564 1309 igidui*scripti0nis
585 1218 683 1323 hujus
705 1225 797 1287 brevi
817 1207 892 1312 piae
913 1239 946 1288 et
967 1227 1037 1288 ala-

17 1309 56 1367 uis
69 1310 265 1374 meditationis
288 1311 447 1372 nescimus
469 1308 531 1396 q'uo
553 1329 623 1374 casu
645 1321 752 1373 rnotae
774 1323 940 1374 momento
955 1335 1037 1375 con-

17 1398 96 1476 cepisse
112 1398 232 1474 videtur
254 1407 382 1479 auctor3
414 1406 446 1455 at
467 1405 579 1481 postea
600 1393 729 1458 demum
746 1401 822 1458 'earn
841 1399 1037 1460 elaboratam

17 1482 138 1543 reseratis
164 1493 196 1544 et
224 1503 349 1544 summa
383 1501 463 1566 quae
491 1481 609 1566 ubique
636 1483 831 1566 conspicitur
861 1503 911 1544 ars
942 1495 1037 1570 atque
1094 1551 1097 1564 ,
1184 1499 1189 1508 ’

17 1563 124 1642 rudium,
148 1568 273 1652 etipsa
293 1570 490 1653 picturarum
512 1569 611 1628 series
632 1567 731 1646 lunga
750 1579 782 1628 et
803 1569 945 1652 praeviis
965 1589 1038 1630 mee-

17 1643 169 1716 litationibus
197 1665 352 1738 concepta
381 1649 563 1713 ostendunt.
619 1650 724 1716 Solito
743 1655 923 1717 sublimius
944 1675 1037 1716 mens
1058 1697 1061 1703 ,

17 1747 90 1816 poetae
105 1739 218 1802 exarsit
243 1743 281 1804 ἐν
302 1736 505 1823 ἐἡ-κυριακῇ
525 1729 634 1822 ἡμέρᾳ
655 1759 750 1822 quem
769 1735 863 1800 diem
883 1736 1038 1816 clentini·

17 1825 155 1902 tttmrrulti
175 1823 217 1885 de
247 1809 491 1907 diepaacbald
512 1822 692 1906 explicant,
724 1824 761 1884 in
785 1819 876 1920 cujus
907 1823 1036 1904 vigiliis

18 1895 141 1972 Christiani
167 1929 256 1970 sacra
277 1907 466 1992 protrahere
488 1918 520 1968 et
542 1907 638 1970 anxie
660 1905 826 1971 Christum
849 1921 1037 1994 exspectare
1058 1917 1066 1924 “

21 1985 111 2055 iolebrrt
122 1997 159 2056 cl.
173 1993 312 2056 Hieron.
333 2013 447 2054 cuman.
458 1993 495 2054 in
507 1991 624 2054 Matth.
645 2015 673 2054 c.
690 1999 754 2071 243
775 2005 809 2056 et
829 1995 908 2058 haec
922 1997 1037 2082 opinio

20 2082 205 2164 rtnpntbus
239 2079 444 2164 apostolicis,
479 2080 592 2162 quibus
609 2075 804 2146 ‘Christiani
830 2078 951 2166 quovis
979 2078 1037 2142 die

17 2151 126 2228 tutatum
145 2159 359 2230 adventurum
378 2175 546 2248 putarunt,
567 2163 696 2226 diversa
716 2161 775 2228 nec
794 2167 830 2227 in
852 2164 891 2226 N.
910 2163 951 2226 Τ.
974 2188 1037 2226 un-

18 2261 76 2324 quur
95 2261 165 2314 tacta
195 2243 302 2330 (adeo
324 2243 361 2310 ut
392 2249 447 2310 vel
479 2247 567 2311 diem
594 2252 755 2334 paschatis
787 2271 928 2313 annuum
960 2272 1037 2336 prae

17 2334 90 2395 eteris
113 2359 243 2398 sacrum.
262 2335 409 2396 habitum
436 2333 645 2396 essenullibi
674 2337 813 2416 legatur)
844 2337 948 2399 serius
976 2335 1035 2397 de·

17 2429 83 2510 'lum’
111 2423 309 2490 decrescente
337 2419 507 2506 paullatim
534 2418 574 2482 de
596 2417 727 2483 Christi
738 2421 842 2483 reditu
866 2433 1035 2508 exspecta-
1093 2489 1095 2494 ¹
1120 2429 1127 2442 ⁸

17 2507 84 2580 tore,
101 2521 162 2570 orta
184 2505 326 2570 videtur.
367 2504 509 2568 Facilius
529 2505 630 2587 igitur
649 2505 725 2569 dies
745 2503 940 2570 dominicae
960 2509 1049 2568 vola

18 2587 118 2675 tatisbl.
137 2595 232 2669 solis)
254 2583 469 2670 intelligitur,
497 2612 554 2654 seu
584 2591 758 2678 quiprius
785 2594 872 2653 inter
898 2589 1038 2670 ,Iudaeos
1106 2595 1113 2614 ’

19 2663 57 2748 tad
76 2678 137 2770 triu·
150 2667 337 2769 σαββάτων
357 2676 535 2754 dicebatur,
571 2698 666 2762 quem
696 2675 825 2763 quidem
852 2669 918 2774 jam
951 2676 1037 2762 apud
1104 2699 1107 2704 ·
1162 2716 1172 2733 ·
1201 2752 1207 2760 „

23 2749 107 2824 ludaeos
124 2777 216 2856 Juxta
238 2764 401 2825 sabbatum
420 2761 616 2824 honoratum
637 2758 818 2842 (v.Lights.
830 2775 862 2823 et
874 2763 1039 2844 Schoettg.
1068 2781 1069 2786 ’

26 2833 149 2912 11111111.
163 2861 216 2926 28,
241 2845 284 2930 1.)
316 2845 511 2909 Christianis
533 2843 598 2943 jam
620 2848 702 2908 circa
722 2867 774 2910 an.
791 2853 844 2920 60.
864 2851 1040 2911 memoriae
1083 2889 1085 2893 -

24 2915 96 2991 ltrtst
119 2933 263 2996 redivivi
281 2943 315 2994 et
334 2951 505 3018 agapetum
517 2932 784 2996 *celebrandarum
802 2955 895 2995 causa
916 2955 1041 2998 sacrum

19 3015 39 3066 tt
54 3021 219 3095 procedente
254 3032 397 3104 tempore
427 3020 576 3098 abrogata
598 3017 719 3080 sabbati
742 3021 904 3093 sanctitate
932 3019 1041 3083 solum

18 3101 231 3168 sacrumfactum
251 3099 367 3177 fuisse,
390 3123 432 3164 ex
455 3101 556 3174 1Cor.
579 3105 628 3180 16,
644 3113 675 3174 2.
697 3099 772 3166 Act.
794 3115 846 3180 ΩΟ,
861 3114 893 3174 7.
920 3103 1040 3167 Justin.

17 3167 43 3236 ll·
57 3178 137 3272 Apol.
153 3189 181 3254 I.
204 3214 232 3252 c.
250 3199 303 3261 89.
324 3189 478 3268 colligere
499 3191 592 3267 l'i'cet3
615 3209 795 3275 quanquam
812 3189 925 3252 mirari
943 3193 1040 3267 subit,
1064 3249 1069 3258 ,

17 3274 132 3344 tronto*
164 3275 236 3338 dies
266 3276 329 3336 iste
357 3273 435 3336 alibi
460 3276 497 3336 in
524 3275 563 3338 tt.
593 3273 634 3335 T.
664 3269 729 3360 pud
760 3273 827 3340 τῶν
857 3268 1041 3361 σαββάτων
1126 3280 1128 3293 “

17 3351 99 3437 Ιειιψεπ
118 3359 220 3424 dictus
242 3359 297 3420 hic
318 3353 384 3454 jam
405 3351 544 3444 ruptum}
561 3359 725 3446 nominari
752 3361 904 3446 potuerit.
960 3359 1040 3423 Cer-

17 3435 56 3497 un
75 3453 187 3522 tamen,
222 3446 358 3508 nullurn‘
376 3445 477 3506 alium
503 3444 590 3508 diem
618 3441 776 3532 aptiorem
806 3440 908 3508 fuisse
929 3449 1053 3508 animo·

17 3509 127 3612 tetrante
148 3533 188 3594 ad
210 3531 290 3594 tales
308 3531 521 3610 cogitationes
533 3529 720 3594 excitando:
743 3529 903 3616 siquidem
917 3529 1043 3595 Christi

17 3615 40 3662 n
55 3613 146 3678 vitam!
163 3611 285 3680 reditus
312 3617 470 3679 memoria
497 3615 551 3690 die
583 3618 669 3680 solis‘
693 3617 848 3695 celebrata
883 3619 981 3680 simul
1008 3629 1042 3680 et

21 3699 157 3780 brueriam
181 3697 252 3799 ejus
273 3713 309 3762 ut
331 3702 470 3764 vindicis
491 3725 510 3764 a
529 3703 621 3765 coelo
643 3703 817 3764 interram
838 3702 961 3764 reditus
979 3725 1040 3766 ex·
1124 3737 1132 3758 x

20 3783 73 3856 atat,
99 3797 248 3876 vetusque
275 3788 408 3862 ecclesia
436 3788 524 3850 hunc
549 3809 592 3850 ex
619 3787 680 3850 illo
702 3787 892 3860 concludere
912 3790 1050 3851 solebat.

17 3848 45 3940 (rt
57 3877 80 3926 et
98 3869 260 3936 lohannes
276 3895 310 3936 v·
327 3881 359 3942 5.
381 3875 451 3954 18.)

17 4055 18 4058 ’
56 4027 107 4124 'V-
126 4049 173 4107 11.
201 4033 373 4100 Instrditur
403 4027 604 4132 jamprimo
624 4035 730 4112 virio,
761 4039 796 4102 in
819 4057 880 4123 qua
900 4032 1044 4099 tottannt

56 4135 112 4197 rpsa
137 4136 217 4208 terra
245 4126 335 4210 solus
358 4121 515 4204 Christus
529 4137 679 4210 apparet,
711 4147 790 4210 ‹qrree
812 4123 954 4196 ecclesiis
976 4127 1046 4202 sive

843 4247 938 4322 ,ΤΚ
