2572 4868
86 471 91 478 1
137 387 181 456 Π.
210 383 395 456 Visiones.
448 387 490 457 Π.
519 397 553 501 3
575 349 693 484 iCap.
714 401 771 479 10,
793 401 833 484 d·
958 397 1031 472 187

47 563 207 664 judicem,
244 569 352 645 vitia,
387 592 466 656 quae
494 569 657 640 Hebraeos
685 567 768 636 ante
789 569 927 636 exilium
946 588 1035 634 norr-

2 677 104 740 nquam
127 666 278 716 sectatos
304 657 482 740 prophetae
503 669 626 720 veteres
651 659 854 745 vituperant,
876 667 952 742 post
973 675 1035 717 ex-

1 763 42 801 urn
69 761 149 802 vero
178 739 323 804 ludaeis
350 743 503 808 'omnibus
526 745 668 806 maxime
691 754 781 806 erant
800 743 960 806 inviseret
979 742 1036 803 in·-

15 827 66 902 ita,
86 825 224 889 ludaeis
248 847 332 890 suee
354 829 466 892 aetatis
484 822 636 926 objicere
648 827 791 918 potuisse
814 829 885 916 quis
905 823 1034 936 credat?

37 1003 63 1064 3.
86 995 294 1084 Priusquam
327 1010 452 1061 sextam
483 998 564 1062 hanc
590 1000 699 1064 tubam
725 997 862 1084 septima
882 995 1034 1084 excipiat,

1 1079 43 1140 sio
59 1082 210 1144 inseritur
235 1083 324 1146 satis
344 1083 442 1164 longa
465 1095 515 1159 10,
537 1094 729 1160 1-11,13;
761 1085 824 1147 hos
846 1084 934 1168 enim
955 1103 1034 1146 ver-

41 1187 138 1228 ornnes
171 1190 244 1230 una
278 1169 411 1236 visione
440 1170 609 1249 cohaerere
629 1181 663 1231 et
683 1170 792 1254 operis
813 1170 915 1232 totius
936 1189 1034 1231 mon-

1 1259 35 1308 rat
59 1252 198 1334 partium
233 1247 429 1316 distributio
462 1255 603 1340 aequalis
632 1269 662 1317 et
690 1257 755 1317 loci
784 1249 881 1352 hujus
909 1253 1033 1336 singuli

1 1332 75 1396 doles
92 1337 133 1416 ¹).
177 1335 425 1424 Complectitur
445 1339 524 1401 baec
548 1341 635 1402 visio
659 1344 728 1414 dum
750 1362 829 1426 quae
847 1338 1033 1402 adactionis
1104 1385 1108 1396 ,

1 1439 152 1496 egressum
175 1429 310 1510 aptum,
323 1437 356 1486 et
377 1425 527 1491 decorum
548 1426 626 1489 satis
648 1438 722 1487 sunt
742 1427 852 1506 gravia
869 1435 938 1488 tum
953 1445 1033 1512 quae

4 1503 83 1567 timae
103 1511 200 1572 tubae
225 1531 290 1572 seu
312 1509 379 1595 ipsi
400 1508 560 1574 vindictae
583 1521 744 1574 extremae
766 1512 863 1576 initio·
878 1513 1034 1595 praemit-

0 1601 92 1651 entur
118 1593 195 1679 ipse
230 1597 417 1675 argumenti
448 1597 524 1658 libri
551 1598 651 1660 totius
681 1595 816 1659 ambitus
839 1596 1033 1680 postulabat.

0 1685 36 1733 at
60 1675 140 1740 enim
168 1680 231 1742 hic
266 1693 341 1744 ante
362 1683 518 1766 septimae
540 1693 573 1744 et
593 1683 726 1745 ultimae
748 1683 839 1744 tubae
863 1695 1035 1762 argumen-

55 1765 291 1839 grarissimum
319 1769 428 1851 paullo
462 1765 716 1844 subsistendum,
750 1788 812 1854 quo
842 1761 946 1863 :najor
978 1787 1034 1828 se-

1 1847 116 1935 rentium
145 1855 359 1938 exspectatio
389 1865 421 1914 et
451 1863 525 1938 spes
546 1847 750 1949 injiceretum
784 1863 820 1913 ut
840 1852 924 1914 solet
944 1863 1034 1914 vetes

2 1927 112 1995 rndictae
131 1939 316 2020 paullatim
337 1959 410 2001 sese
432 1933 669 2001 manifestantis
690 1935 873 2000 intervallis
896 1959 1035 2020 congrua

2 2014 102 2081 uaedam
134 2023 367 2108 interponere.¹
425 2021 487 2085 Sed
515 2025 648 2088 accessit
668 2023 755 2085 aliud
776 2024 921 2103 gravius,
954 2045 1034 2110 quae

1 2095 213 2192 {ierosolymae
243 2110 334 2170 urbis
366 2119 498 2170 amatae,
515 2105 579 2172 fata
607 2104 713 2171 futura
741 2109 807 2171 sint
835 2112 1033 2195 temporibus

0 2201 133 2273 raretum
154 2194 378 2256 humanarum
404 2194 546 2270 ultimis,
572 2194 747 2279 descriptio
774 2217 790 2256 a
815 2205 847 2255 ta
868 2208 901 2256 et
920 2217 1034 2258 neces·

1 2269 59 2330 aria.
94 2273 304 2357 Hanceni'm
325 2281 405 2341 circa
426 2281 537 2342 urbem
559 2303 637 2366 quae
658 2297 772 2342 versus
791 2216 926 2342 ddlessiae
949 2287 1035 2342 tem-
1060 2321 1085 2348 ι,

6 2371 45 2414 era
68 2374 224 2442 ereptura
255 2366 338 2442 sint,
369 2366 471 2426 multa
492 2377 525 2427 et
545 2357 720 2460 varia'jarn
740 2376 808 2428 tum
830 2377 1036 2452 speraverant

1 2447 55 2498 ares
69 2446 210 2526 priores,
232 2445 470 2521 «tum'insauste
492 2462 561 2513 tum
580 2447 682 2513 fausta
706 2462 738 2513 et
758 2452 903 2514 laetiora.
946 2449 1035 2514 Inter

1 2519 151 2616 puritates
182 2537 278 2599 enim
298 2535 434 2618 Messiae
461 2535 613 2598 adventui
640 2536 786 2622 praevias
807 2538 886 2599 haec
906 2533 1035 2618 gratis-

2 2625 50 2668 tfflt
72 2627 100 2675 et
120 2637 252 2684 summa
273 2633 483 2700 memoratur,
517 2617 635 2684 urbem
661 2629 820 2684 sanctam
850 2625 887 2684 ab
922 2623 1035 2707 impiis

1 2695 132 2764 tortilibus
160 2715 310 2792 captum
339 2715 373 2770 et
398 2702 632 2793 profanatam
660 2703 709 2767 iri
717 2727 730 2782 3
772 2705 925 2794 ductaque
956 2710 1034 2768 haec

1 2791 48 2854 llll
62 2803 97 2849 tx
116 2799 307 2876 temporum
330 2791 464 2854 illorum
481 2801 603 2854 natura.
655 2789 827 2878 Postquam
851 2794 939 2854 enim
959 2795 1036 2858 urt!

5 2871 105 2931 unctis
126 2872 302 2940 Chaldaeis
325 2889 416 2963 capta
438 2889 470 2939 et
492 2876 650 2938 destructa
670 2888 753 2952 erat,
775 2878 893 2939 similis
913 2877 1035 2938 ericidii

1 2955 149 3036 erernplum
181 2965 278 3026 triste
308 2975 488 3048 temporum
514 2963 648 3024 illorum
670 2983 748 3048 quae
770 2964 895 3047 saepius
916 2963 1036 3025 interi·

1 3036 45 3130 111111Ι
66 3044 257 3129 reipublicae
284 3041 415 3146 judaeae
445 3049 596 3111 ultimum
630 3049 847 3124 minabantur,
880 3049 1037 3127 angustiis

1 3129 137 3192 nuruum
169 3136 248 3196 satis
284 3127 415 3197 obviuni
450 3146 517 3196 erat
549 3129 705 3220 facileque
733 3131 957 3208 metuendu1n3
993 3131 1035 3194 cf.

1 3191 55 3264 lu·
70 3218 99 3286 s,
119 3223 258 3290 25-27.
280 3230 330 3296 12,
354 3231 404 3290 11.
427 3218 542 3282 naeth.
560 3224 612 3294 rt,
625 3231 675 3289 15.
698 3215 957 3304 (rheumam.
979 3220 1035 3306 qui
1092 3213 1115 3268 Α
1162 3211 1166 3220 “

1 3283 176 3380 delerrita-tem
198 3307 281 3368 hanc
304 3326 371 3368 non
390 3306 502 3386 tangit,
527 3304 1035 3391 posturbemsanctamalloma-

2 3386 34 3464 ΜΡ
46 3393 157 3464 ttplttn
171 3392 329 3476 scriptum
345 3390 451 3454 videri
469 3412 564 3478 supra
584 3398 677 3474 p·52·
691 3399 759 3452 not.
780 3383 846 3486 jam
866 3386 1034 3474 indicavi).

2 3444 172 3551 lluttetrrneng.
193 3475 348 3538 ludenth.
368 3475 411 3540 T.
424 3473 467 3538 Π.
488 3500 520 3562 p·
535 3480 694 3546 741-43·
745 3473 848 3560 thue
870 3475 945 3538 libri
967 3475 1036 3538 Da·

2 3542 71 3628 trelis
99 3563 210 3645 scripti
240 3573 385 3648 tempore
418 3573 521 3638 intus
541 3560 596 3620 hic
618 3562 656 3620 ab
679 3554 846 3622 Antiocho
867 3559 1038 3648 Epiphane

7 3637 108 3713 tilectus
136 3664 278 3715 sununus
308 3658 389 3722 erat,
423 3649 469 3708 sic
482 3640 587 3744 'hujus
604 3645 685 3704 libri
706 3667 788 3708 aevo·
810 3649 850 3708 ob
872 3643 1038 3710 Romanos

5 3701 28 3766 td
46 3710 291 3812 Hierosolymam
324 3729 531 3794 obsidendam
557 3722 622 3825 jam
653 3729 836 3794 accedentes
866 3727 922 3818 (cf.
943 3754 1038 3816 supra

4 3783 65 3866 ll·
92 3830 122 3889 p·
142 3821 296 3894 47-5'2.)
329 3840 396 3880 non
424 3818 532 3880 minor
564 3818 712 3878 instabat.
760 3812 813 3883 Ab
839 3817 938 3878 altera
959 3838 1037 3880 vero

6 3889 70 3954 parte
86 3893 171 3962 baec
204 3923 329 3992 quoque
351 3903 485 3996 ¹ratibus
514 3896 578 4001 jam
599 3912 676 3972 ante
694 3900 832 3964 exilium
857 3903 1059 3978 viventibus⁸

32 4045 54 4114 1)
75 4063 138 4140 ¹male
160 4087 253 4127 versus
277 4073 309 4126 bi
333 4072 366 4126 ab
391 4071 589 4141 interpretibus
612 4075 642 4124 in
670 4073 737 4125 duas
762 4072 890 4139 pluresve
913 4071 1036 4125 visiones

58 4123 216 4200 divelluntur.
265 4145 374 4198 Desunt
400 4161 513 4213 prorsus
541 4149 680 4196 visionum
710 4145 879 4198 diversarum
903 4151 983 4196 uotae
1010 4153 1039 4198 et
1077 4155 1080 4159 ’

60 4209 232 4286 “stridentum
250 4234 381 4270 versuum
400 4221 524 4272 omniurn
542 4233 629 4268 unum
648 4227 698 4268 est·
924 4223 926 4229 “
