2572 4868
812 113 823 142 0
872 117 878 136 t

125 349 167 419 n.
194 345 371 418 Visiones.
423 347 449 417 1.
471 357 566 460 or.
622 346 708 472 oap-
727 355 763 437 5,
791 359 849 430 11·
870 359 926 430 12.
969 341 1068 436 '147

526 480 530 516 Ι

14 537 63 602 teri
77 557 113 599 ex
132 531 337 596 Christianis
353 530 456 594 beatis
476 531 588 593 selecti
603 530 715 596 ”dicere
730 532 874 620 possint:
894 554 955 596 nos
972 533 1068 599 Mes-

14 623 68 686 sius
91 641 131 683 cx
162 611 327 680 omnibns
346 613 486 701 populis
507 614 676 679 redemtos
697 617 891 681 sacerdotes
911 629 945 681 et
967 641 1004 687 rc
1031 641 1067 684 es

14 705 89 788 fenim
116 716 148 766 et
169 703 315 766 haec'ab
336 701 551 764 animantibus
573 703 690 778 saltem
711 716 846 789 quatuor
867 701 913 788 (v.
928 701 974 788 8.)
1000 641 1066 767 ilci

14 815 59 853 ron
77 789 226 874 potuisse,
247 784 284 872 ¹)
303 798 409 872 petet,
437 807 496 848 nec
518 788 680 872 quomodo
702 789 786 850 besti
808 789 863 868 illi
881 793 1064 874 presbyteri

14 898 34 938 re
60 875 90 936 iu
118 879 216 947 terro
247 879 462 956 regnaturos
484 893 612 956 sperare
632 875 762 958 possint
783 873 897 946 elucet.
959 874 1063 956 Igitur

14 969 41 1040 2]
65 959 140 1021 haud
175 958 279 1020 dubie
312 949 441 1029 αὐτούς
478 969 511 1018 et
541 949 812 1042 βασιλεύσουσιν,
830 981 903 1024 curn
928 954 1062 1024 Andron

14 1043 126 1120 (Ar-etha
154 1047 213 1130 qui
241 1045 380 1104 alteram
407 1043 583 1105 lectionem
611 1045 757 1130 sequitur
791 1041 993 1132 antiquiore)
1029 1057 1062 1109 et

15 1131 78 1192 codd.
103 1141 196 1214 atque
230 1147 338 1192 verss.
366 1130 445 1190 satis
470 1128 584 1190 multis
604 1129 794 1210 legendum,
816 1143 852 1192 ut
873 1153 905 1194 v.
922 1143 971 1200 10.
993 1133 1061 1193 sol-

15 1223 59 1278 ten
75 1215 107 1278 ad
123 1219 203 1301 pios.
220 1213 431 1278 Christianos
451 1213 487 1275 in
502 1223 587 1277 terra
605 1219 752 1278 viventes
770 1211 936 1292 referatur.
966 1213 1060 1300 Quae
1073 1247 1088 1290 χ

14 1303 34 1361 si
48 1303 226 1386 probentur,
256 1311 291 1362 at
318 1319 417 1384 porro
447 1297 618 1365 difficultas
639 1300 726 1363 inde¹
745 1303 864 1378 oritur,
898 1301 984 1390 quod
1013 1298 1060 1366 ite

14 1405 33 1446 r.
46 1397 70 1459 9.
92 1408 159 1448 com
191 1409 227 1449 v.
250 1397 304 1460 10.
331 1407 399 1448 non
419 1387 601 1470 conspirat3
634 1399 740 1448 utrum
764 1408 802 1449 uc
821 1388 910 1451 enim
928 1408 1061 1452 versum

14 1469 38 1533 le
61 1473 163 1534 iisdem
191 1493 257 1557 per
278 1465 433 1532 Messiam
460 1471 592 1534 beandis
620 1493 713 1554 agere
742 1409 837 1536 lecile
858 1475 998 1551 sentias,
1025 1486 1062 1536 ut

14 1577 32 1616 r.
48 1568 71 1628 9.
89 1581 151 1620 non
171 1557 289 1642 possit
310 1555 350 1618 sd
372 1555 524 1631 coelites,
562 1579 594 1619 v.
619 1571 670 1629 10,
696 1557 735 1619 ad
758 1557 909 1622 homines
930 1555 1059 1622 relerri.
1115 1619 1117 1626 .

14 1637 78 1704 Unde
103 1641 233 1706 tandem
268 1635 304 1724 3)
333 1661 372 1703 eo
401 1639 598 1719 delabimur,
637 1655 674 1704 ut
703 1635 796 1729 ἡμᾶς.
814 1665 847 1705 v.
860 1653 891 1716 9.
913 1647 1060 1728 spurium
1089 1713 1092 1732 Ι

14 1719 174 1818 plicemus,
201 1727 374 1790 addicente
394 1725 465 1786 cod.
486 1721 664 1791 Alexandr.
684 1741 718 1790 et
739 1730 794 1816 qni
818 1725 891 1792 e'um
912 1725 980 1792 fere
1002 1751 1060 1792 co-

14 1814 129 1892 mitator,
149 1815 336 1899 interprete
357 1805 535 1896 Aethiope.
585 1813 762 1890 Sicrenim,
789 1825 862 1876 utut
882 1815 993 1877 durius
1015 1837 1059 1879 ex

17 1915 91 1973 graeca
108 1902 240 1980 lingua,
280 1891 369 1994 cujus
392 1895 519 1962 indoles
543 1895 582 1958 ad
603 1893 695 1983 ἡμᾶς
718 1899 804 1986 quod
826 1911 931 1964 tantas
952 1903 1059 1964 turbas

20 1982 102 2060 eiecit,
127 1981 352 2049 inserendum,
366 1981 516 2066 librarios
538 1982 877 2062 adduxisseuidetur,
903 1998 935 2048 at
953 1991 1059 2072 aptis-

20 2067 73 2130 sinc
86 2093 121 2132 ex
141 2071 223 2132 libri
244 2061 344 2151 hujus
365 2069 497 2147 ingenio
522 2064 580 2145 (cf.
602 2089 698 2154 supra
715 2073 826 2155 psit.)
849 2067 1056 2137 vertendum:

18 2147 57 2212 deo
70 2153 247 2218 redemisti
269 2150 515 2240 (hominemex
537 2153 632 2216 omni
648 2149 779 2238 popolo
798 2175 918 2242 eosque
931 2153 1065 2241 fecisti,

17 2247 55 2296 etr.
97 2241 218 2304 Saltem
248 2242 279 2302 si
307 2238 347 2311 ad
370 2237 436 2298 loci
457 2237 561 2322 ipsius
582 2247 728 2301 tenorem
747 2251 780 2300 et
799 2241 925 2304 similes
945 2263 1059 2306 omnes

16 2319 79 2384 loros
106 2323 151 2414 (ut
176 2341 206 2402 1,
230 2332 265 2393 6,
295 2331 344 2398 11,
368 2331 399 2392 3.
420 2317 467 2406 d.)
500 2323 709 2400 attendimus,
752 2327 884 2388 coelites
914 2349 1058 2390 summos

17 2402 52 2468 irc
72 2409 105 2472 de
132 2431 254 2492 genere
283 2409 393 2494 potios
424 2409 563 2470 humano
593 2429 688 2494 quam
718 2406 759 2473 de
791 2433 827 2474 se
854 2410 937 2475 solis
966 2415 1059 2500 loqui

16 2495 88 2555 inulto
104 2510 152 2559 est
172 2497 388 2583 probabilius.
409 2527 453 2539 —
486 2491 532 2555 V·
548 2504 599 2562 11·
614 2505 662 2564 li·
690 2493 780 2558 Hanc
799 2497 953 2560 coelitum
967 2519 1059 2563 sum·-

16 2595 115 2644 norum.
134 2582 367 2646 laudationemx
387 2578 518 2648 brevior
550 2580 674 2666 excipit
700 2581 860 2666 plenioris
888 2581 1058 2662 (πολλῶν,

20 2681 62 2726 nor
76 2669 210 2736 παφτών
230 2677 268 2728 ut
289 2687 323 2728 v.
341 2669 408 2744 13.)
427 2664 616 2745 angelorum
636 2667 919 2731 innumerabilium
939 2671 1059 2744 solium

23 2745 129 2816 lirinum
148 2752 352 2834 cingentium
372 2763 482 2812 coetus
500 2751 726 2828 conclamatio,
748 2765 918 2834 augustam
934 2767 966 2816 et
981 2776 1059 2818 vere

25 2827 126 2901 divinam
145 2840 287 2919 lilessiae
310 2837 393 2900 tanti
412 2837 557 2934 numinis
581 2831 780 2932 majestatem
800 2841 982 2924 praeconiis
1004 2835 1060 2932 jn-

22 2917 58 2978 stis
73 2943 275 3014 prosequens
316 2917 518 3002 Angelorum
539 2924 823 2986 innumerabilium
844 2939 984 2987 catervas
1005 2948 1061 2989 se-
1161 2987 1166 2998 ,
1204 2951 1209 2962 ·

20 3001 89 3067 riores
113 3023 204 3074 vates
237 3021 270 3072 et
297 3019 410 3094 poetes
443 3008 563 3069 solium
590 3007 739 3070 divinum
764 3009 970 3072 circumstare
992 3013 1059 3074 sm-

18 3103 67 3162 gcre
90 3100 165 3160 satis
188 3108 241 3160 est
260 3105 392 3166 notum3
424 3093 532 3153 hausit
559 3089 622 3154 hoc
649 3105 759 3170 auctor
787 3115 830 3158 ex
851 3093 934 3158 Dan.
956 3106 1059 3172 7,10.

20 3191 54 3288 ¹jbi
76 3200 222 3265 similiter
249 3199 334 3285 32³st
357 3183 442 3283 itit]
468 3171 592 3282 0²02&
614 3172 709 3284 iit·
770 3199 957 3281 Legendum
979 3221 1058 3262 vero

20 3293 109 3370 ytoom
129 3281 171 3360 ὦς
194 3288 295 3377 (quod
316 3289 413 3350 multi
435 3289 562 3372 saepius
583 3279 668 3349 male
693 3287 861 3362 omittunt,
882 3288 918 3368 nt
940 3290 990 3362 14,
1008 3288 1059 3366 3.)

20 3375 65 3424 ¹·e·
84 3369 221 3438 videbar
248 3375 334 3438 mihi
367 3372 477 3436 audire
507 3393 620 3451 vocem
641 3373 756 3448 talem3
788 3389 864 3435 nam
884 3373 1059 3446 momnis,

19 3457 157 3520 remotiora
187 3461 368 3546 imprimis,
400 3461 446 3520 ita
474 3477 509 3519 se
531 3456 658 3534 andire,
694 3457 806 3528 videre
828 3469 887 3519 etc.
918 3458 983 3518 sibi
1004 3459 1070 3534 vi·-¹

20 3547 68 3596 som
87 3563 150 3606 esse
168 3548 387 3632 exprimatur,
405 3536 460 3616 ’ὥς
481 3543 578 3607 toties
604 3545 775 3630 repetitur:
824 3539 863 3624 In
881 3541 1059 3621 doxologice

23 3605 151 3692 festiviore
179 3655 213 3696 v.
230 3641 282 3708 12.
309 3651 370 3716 qua
390 3627 526 3690 Messias
548 3627 732 3692 divinarum
754 3631 913 3691 virtutum
933 3639 967 3690 et
987 3627 1061 3686 lau-
1111 3684 1113 3689 ,
1147 3657 1149 3662 v

21 3694 79 3768 darn.
96 3714 203 3780 decore
231 3717 440 3798 dignissimus
462 3709 678 3798 praedicatur,
714 3720 845 3797 septem
867 3715 1005 3776 virtutes
1027 3723 1061 3774 et

21 3777 100 3858 laudes
128 3803 274 3868 consulto
304 3811 548 3875 enumerantur,
581 3799 630 3860 uti
661 3799 757 3882 sopire
776 3821 824 3884 p.
849 3809 902 3871 91.
929 3808 1060 3863 tectum.

14 3961 16 3964 ¹
44 3958 67 4026 1)
83 3962 155 4039 hine,
180 3965 256 4043 quod
278 3987 352 4026 nunc
377 3947 473 4032 video,
503 3964 981 4038 wlsiusinnegypnuen11.13.
1008 3964 1063 4031 ium

70 4030 209 4110 hymnum,
246 4044 367 4112 phialas,
401 4041 520 4094 cithares
548 4040 582 4112 ad
609 4042 684 4092 solos
715 4038 893 4108 presbyteros
920 4041 1063 4108 pertinere

69 4117 177 4182 ruriam,
210 4113 289 4183 quod
312 4111 403 4172 verbis
429 4125 521 4168 turneu
539 4117 658 4198 auctoris
677 4125 793 4183 prorsus
813 4113 984 4164 contrarium
1002 4123 1063 4163 ests

72 4173 140 4242 sicile
159 4197 275 4260 apparet·
331 4247 336 4257 „

800 4263 849 4336 10
866 4249 888 4294 *
952 4311 957 4319 ·
