2622 4862
230 345 281 416 38
580 331 643 414 De¹
666 329 811 422 linguae
838 323 968 400 innare.

465 469 474 492 .

198 547 202 562 ¹
234 517 307 582 data
339 535 439 603 opera
468 503 655 581 iohannem
685 513 800 578 votunt
827 534 959 600 graecae
986 513 1121 600 ,linguae
1150 512 1264 608 incrmu

237 604 356 704 fuisse,
387 613 465 708 qno·
478 621 622 706 pressius
649 617 866 682 hebraeorum
896 630 1011 682 vatum
1038 617 1173 703 vestigia
1196 637 1269 702 sequ·

234 738 339 793 retur.
394 727 470 813 Qua
495 724 533 790 in
554 744 593 786 re
614 742 801 807 quanquam
823 719 915 786 facite
936 722 1073 789 concedi
1101 733 1216 810 potest,
1241 721 1273 783 ia

235 832 381 898 hannem
402 851 421 896 e
442 827 576 896 Judaeis'
591 827 985 915 progressumh'imprimis
1006 851 1052 894 ex
1073 828 1209 908 assidua,
1227 847 1275 911 qua·

234 939 303 1004 lem
322 937 406 1002 liber
432 943 612 1030 monstrat,
641 947 675 996 et-
695 931 820 998 recenti
840 933 1078 1023 prophetarum
1102 931 1275 995 hebraeorum

236 1041 379 1106 lectione
408 1038 566 1104 hebraeae
600 1037 702 1134 magis
737 1059 835 1124 quam
863 1041 995 1125 graecae
1023 1038 1155 1126 linguae
1185 1034 1276 1122 geniun

237 1144 398 1226 tenuisse,
431 1155 543 1210 tamen
563 1163 632 1206 non
654 1141 800 1227 seqnitur
821 1143 956 1227 exinde,
987 1167 1066 1210 eum
1094 1164 1218 1232 graecae
1240 1139 1280 1203 lin·

207 1337 213 1346 ¹
238 1272 323 1338 guae
348 1252 433 1338 leges
455 1269 571 1341 omnes
591 1259 716 1314 temere
742 1249 905 1334 sprevisse
932 1251 987 1316 vel
1012 1251 1144 1314 calamo·
1161 1266 1279 1332 nusquam

117 1397 120 1409 ·
224 1356 401 1442 ,sapienter
424 1367 608 1444 temperare
628 1352 788 1440 potuisse3
818 1352 1000 1440 diligentius
1029 1356 1059 1420 si
1089 1354 1161 1440 quis
1185 1351 1216 1418 in
1232 1350 1279 1412 haec

237 1459 395 1544 inquiret,
436 1461 632 1548 scriptorem
659 1472 696 1522 ut
723 1479 742 1521 a
768 1479 882 1544 graeca
910 1457 1074 1524 sermonis
1106 1453 1280 1521 concinnitate

240 1565 385 1630 maxime
413 1566 570 1644 alienum,
610 1563 655 1628 ita
684 1561 718 1627 in
749 1561 787 1628 iis
814 1561 891 1648 ipsis
919 1582 1000 1647 quae
1026 1563 1064 1628 in
1095 1562 1179 1626 hanc
1207 1565 1280 1644 peccat

138 1745 141 1748 ,
239 1691 317 1736 ιιοι]ἱ
331 1681 455 1740 temere
477 1682 510 1734 et
529 1687 593 1756 pro
601 1639 752 1761 debitrio
774 1665 999 1746 aberrantem,
1029 1667 1067 1732 in
1089 1665 1230 1754 plurimis
1245 1683 1276 1724 ar·

239 1785 309 1839 tem
339 1785 443 1838 certas
471 1774 556 1860 leges
587 1771 776 1858 sequentem
801 1767 1057 1857 deprehendet'
1088 1773 1187 1838 Juvat
1212 1780 1271 1835 aun

239 1879 301 1944 has
335 1875 499 1958 scribendi
518 1878 617 1967 ,leges
650 1878 791 1963 penitius
822 1898 935 1958 nosse,
968 1888 1041 1942 tum
1075 1891 1115 1944 ut
1152 1877 1191 1940 de
1220 1869 1275 1939 vait

240 1980 436 2054 lectionibus
463 1980 545 2044 bene
570 1977 705 2065 judicari
729 1991 840 2066 queat,
872 1993 1045 2068 textusque
1067 1978 1279 2049 Griesbachisao

138 2113 140 2124 ·
243 2083 300 2152 fiat
323 2085 539 2167 emendatior,
569 2097 642 2152 tum
662 2095 698 2157 ut
720 2107 762 2150 an
784 2083 1031 2173 Apocalypseos
1061 2086 1161 2154 dictio
1182 2079 1281 2150 cundem

168 2189 177 2202 ⁴
243 2203 411 2257 auctorem
448 2212 533 2279 prae.
563 2212 598 2254 se
637 2188 721 2255 ferat
759 2189 816 2274 qui
854 2189 1061 2276 evangelium
1102 2207 1135 2255 et
1174 2182 1282 2275 epistota

244 2296 393 2386 scripsit,
421 2297 457 2362 in
477 2295 588 2382 aprico
609 2293 814 2382 ponatur1).

273 2498 277 2506 ,
326 2431 448 2498 Omnia
468 2429 538 2498 fere
564 2433 603 2520 in¹
626 2431 742 2519 quibus
767 2442 880 2497 auctor
900 2453 919 2494 a
942 2431 1085 2500 dictione
1107 2431 1190 2496 bene
1208 2420 1281 2515 grant

243 2535 390 2616 aberrat,
423 2558 465 2602 ex
489 2534 745 2602 Hebraismo
769 2545 803 2598 et
822 2535 1117 2603 Aramaeismo
1137 2537 1247 2608 fluunt,
1264 2526 1281 2586 1¹1

244 2641 511 2708 enunciationum
538 2639 647 2727 magis.
666 2650 846 2724 structura,
879 2660 975 2724 quam
1004 2642 1043 2706 irr
1067 2663 1191 2709 vocum
1209 2637 1297 2717 singu*

185 2833 190 2840 ι
243 2745 351 2811 larum
379 2743 487 2810 forma
518 2743 702 2833 conspicua.
751 2745 821 2812 Cur
846 2745 956 2832 igitur·
969 2758 1083 2814 auctor
1112 2761 1145 2814 et
1166 2750 1280 2832 quanturss

244 2850 421 2915 dictionem
447 2871 598 2938 graecam
627 2873 701 2916 cum
725 2850 884 2915 hebraeae
902 2851 999 2917 simili
1022 2849 1239 2928 commutarit,
1262 2855 1285 2900 ὃ

241 2965 421 3044 syntaxeos
443 2953 603 3020 hebraeae
621 2953 731 3020 indole
751 2955 984 3057 explicandum
1005 2969 1064 3024 est.

220 3167 223 3178 1
325 3091 352 3156 Ι.
386 3093 428 3158 In
458 3092 693 3158 'verborum
730 3095 862 3180 syntaxi
898 3094 977 3162 haec
1016 3098 1219 3184 potissimum
1250 3099 1290 3147 11⁰·

240 3193 339 3262 tanda
362 3209 451 3266 sunt.
500 3208 532 3269 1.
563 3197 651 3262 Cum
674 3221 752 3263 usus
772 3201 952 3266 secundi
973 3203 1097 3284 modi,
1133 3201 1290 3266 futurum

241 3301 402 3370 Hebraeis
436 3323 550 3392 saepe,
583 3303 754 3369 Aramaeis
791 3327 921 3392 semper
956 3287 1182 3395 significantis,
1213 3299 1246 3363 de
1268 3306 1292 3352 ¹*

243 3407 410 3493 saepius
447 3405 560 3476 facta
594 3408 630 3474 in
658 3407 704 3477 V.
736 3409 780 3474 T.
810 3409 995 3496 saepissime
1031 3409 1149 3480 obvius
1184 3401 1232 3486 (cf.
1258 3412 1293 3480 gr.

242 3522 391 3576 nostram
420 3507 513 3574 hebr.
540 3511 653 3595 §.278,
670 3524 702 3586 3.
736 3513 848 3597 §.282
870 3515 905 3593 1)
938 3511 1007 3594 jam
1033 3527 1105 3591 τῠϊς
1133 3506 1230 3581 Lxx
1250 3489 1293 3610 ‘ci'

128 3679 131 3687 .
203 3707 205 3714 ,
242 3614 347 3681 Num.
371 3626 421 3714 to,
445 3623 564 3688 17·25
594 3629 627 3682 et
655 3618 727 3700 alia)
759 3617 843 3680 male
870 3616 1051 3684 intellectus
1072 3623 1131 3704 sit,
1169 3634 1226 3683 non
1243 3621 1293 3668 11¹¹*

243 3715 338 3796 rmn‘,
373 3730 540 3783 auctorem
570 3731 722 3786 nostrum
748 3717 894 3786 futuro
925 3745 1059 3810 graeco,
1095 3724 1212 3812 quippe
1235 3719 1292 3794 ‘1¹¹³‘

245 3821 355 3892 forma
375 3821 533 3910 hebraeae
554 3823 679 3911 saepius
706 3825 901 3914 respondet,
937 3825 977 3890 de
997 3849 1035 3892 re
1056 3852 1138 3918 quae
1160 3813 1288 3914 saepi¹¹³¹

246 3929 462 4017 repetitur
492 3939 548 3993 aut
577 3932 822 4018 praeterita
850 3939 881 4016 4,
897 3919 994 4009 9-11
1024 3947 1080 4002 aut
1109 3919 1291 4023 praetenll

286 4068 322 4140 1)
340 4067 375 4124 G·
403 4069 435 4125 B·
459 4071 611 4126 Winer'»
630 4089 726 4144 progr.
750 4073 784 4126 de
810 4076 984 4132 soloecismis
1009 4084 1060 4148 qui
1083 4084 1113 4136 iu
1130 4076 1213 4144 Apoc·
1230 4061 1291 4116 int⁵¹⁴

320 4157 460 4216 dicuntur·
493 4161 605 4238 Erlaug.
627 4170 707 4247 1825,
728 4166 822 4235 legere
841 4185 897 4222 non
916 4175 1005 4238 potui,
