2576 4864
203 97 214 124 Ι

184 319 491 415 ramosarum.
544 331 831 428 Cap.2,.9.1o.=
968 299 1045 435 ¹ors
1102 423 1106 430 ,

7 515 76 582 timi
92 519 244 600 pauperes
267 514 439 596 dicantur,
451 517 559 602 potest
580 527 687 603 tamen
704 518 828 604 θλίψις
840 522 879 590 ad
894 530 1047 596 vexatio·

7 625 46 666 res
62 601 240 662 iudaeorum
269 622 351 664 rtrux
375 601 505 662 uberius
531 596 751 670 describendas
782 605 908 674 referri.
964 612 1045 678 Pul-

7 691 59 748 rhre
79 687 180 748 solatii
203 707 298 747 causa
320 697 431 750 monet
454 678 537 751 otto}
561 681 720 765 ottoburae
740 691 773 758 εἴ
781 691 911 783 ,opibus
933 707 1044 764 terre-

7 769 97 832 stribus
114 767 311 832 destitutus
336 765 376 833 ob
403 772 559 832 virtutem
580 785 686 840 trunen
708 799 764 862 pra
780 793 785 800 '
799 781 965 852 biisolim
987 809 1043 848 or·
1111 813 1114 820 ·

7 858 91 917 tuberis
112 855 327 931 coelestibus,
350 875 429 944 quae
450 854 612 920 thesauris
633 845 769 950 comp‘b'i'
806 875 857 926 tur
870 868 1042 935 asservatis

7 939 86 1001 riattb.
102 948 128 1015 6,
149 952 206 1011 20.
234 951 287 1017 19,
309 952 361 1010 21.
410 934 453 1003 Ut
478 954 584 1004 autem
605 946 640 1006 in
662 949 737 1010 aliis
749 945 903 1030 ''ecclesiis
927 954 1042 1022 Judaei

7 1023 130 1103 rigidiores
160 1025 372 1088 Christianos
398 1048 493 1112 saepe
524 1027 718 1109 illudebant,
747 1023 924 1115 vexiobant,
957 1041 1042 1126 apud

7 1113 159 1190 magistratus
170 1113 350 1174 criminum
363 1115 563 1189 accusabant,
588 1113 688 1178 immo
701 1141 932 1208 nonnunquam
943 1139 1043 1190 etiam

7 1207 30 1253 ut
43 1195 69 1256 od
83 1195 209 1259 viriculas
230 1208 267 1258 et
288 1199 448 1284 supplicia
469 1198 657 1266 ducerentur
678 1203 856 1268 efficiebant
886 1205 942 1294 (cf.
965 1208 1042 1276 Act.

7 1285 36 1352 44,
52 1292 74 1349 2.
90 1284 178 1362 etc.),
200 1285 252 1344 ita
275 1281 431 1362 Smyrnae
450 1283 613 1368 imprimis
640 1284 702 1347 tiu·
718 1311 787 1351 acre
808 1293 1042 1371 gliscerecoe-

7 1365 61 1426 risse
73 1367 148 1428 inter
164 1367 313 1430 Judaeos
335 1379 367 1430 et
382 1365 584 1431 Christianos
605 1367 792 1450 dissidium,
813 1398 855 1440 ex
869 1378 1042 1470 Polycarpi

7 1449 151 1514 iudaeorum
181 1449 310 1530 fraude¹
333 1449 496 1516 interfecti
524 1458 675 1542 exemplo
703 1473 836 1545 apparet
864 1459 905 1524 cf.
924 1465 1066 1532 Euseb.'.

7 1559 46 1596 .c.
80 1537 169 1600 Tales
191 1541 309 1620 igitur·
319 1539 451 1600 invidos
475 1550 507 1601 et
526 1540 646 1625 impios
666 1541 803 1626 Judaeos
826 1551 968 1628 graviter
989 1577 1044 1616 re-

7 1623 160 1686 orehendens
180 1625 370 1688 honorifico
386 1621 616 1704 Maestum,
641 1627 726 1714 quod
747 1632 809 1692 sibi
831 1633 920 1718 'solis¹
933 1637 1044 1702 deberi

7 1719 84 1768 rotent
106 1705 157 1796 (cf.
180 1721 216 1786 3,
239 1720 271 1782 9.
294 1707 397 1780 2004.
426 1719 476 1785 11,
497 1704 584 1792 22),
616 1717 750 1778 nomine
776 1717 930 1798 indiguos
960 1743 1043 1808 pro-

7 1793 106 1870 tunciat3
139 1807 274 1858 constat
307 1796 395 1856 enim
425 1795 485 1855 illo
517 1807 662 1881 tempore
685 1799 840 1879 Judaeos,
875 1815 911 1867 ut
928 1827 1041 1871 omnes

7 1867 46 1937 iere
67 1879 184 1967 antiqui
207 1881 328 1968 populi
348 1881 535 1942 nominibus
564 1883 630 1943 suis
652 1885 773 1950 bonur'n
796 1910 892 1952 otnen
913 1903 945 1952 et
965 1894 1042 1974 glo·
1068 1917 1072 1922 ·
1127 1945 1130 1958 ,

7 1959 58 2022 nuo
75 1965 176 2030 inesse
198 1967 389 2043 volebant,
407 1966 607 2038 sanctitatem
628 1989 723 2054 quam
743 1993 819 2058 prae
841 1995 875 2037 se
897 1970 1042 2042 ferebant

8 2062 36 2106 ex
49 2053 212 2114 nominibus
235 2072 362 2139 quoque
384 2051 452 2112 suis
475 2049 591 2114 eiicere
611 2065 644 2114 et
664 2059 800 2142 probare
822 2059 993 2141 studuisse,
1006 2077 1043 2127 ut
1076 2121 1080 2128 .

8 2165 55 2211 tc·
69 2176 101 2217 ox
118 2158 260 2245 nomine
285 2155 415 2242 ῦᾙΠζ,
440 2154 476 2218 in
493 2149 584 2252 cujus
607 2179 701 2222 sensu
724 2157 790 2259 jam
810 2165 931 2230 luserat
948 2181 1043 2232 vetus

7 2265 63 2316 ratos
80 2257 155 2323 Gen.
175 2266 231 2337 49,
256 2271 305 2336 8.,
326 2279 359 2320 se
382 2257 601 2326 laudandum
624 2249 756 2351 (³72³)
782 2266 905 2356 deoque
932 2294 1041 2340 carum

7 2342 117 2422 populum
136 2367 211 2410 esse
233 2338 389 2442 jactarent
415 2343 533 2425 (Rom.
554 2358 585 2424 2,
609 2355 659 2418 17.
681 2349 768 2412 Phil.
787 2365 818 2430 3,
840 2351 892 2440 5.)
906 2379 931 2459 ³..
947 2381 1042 2444 (joram

7 2445 96 2512 undem
123 2451 304 2534 gloriolam
335 2471 407 2510 cum
438 2471 480 2511 ex
510 2453 644 2516 nomine
672 2462 786 2518 coetus
819 2455 878 2542 deo]
910 2467 941 2505 ³³
969 2441 1042 2550 ‘721ss

7 2523 121 2612 Nun.16‚
142 2549 176 2608 3.
207 2547 263 2612 20,
285 2541 317 2604 4.
341 2547 399 2597 etc.
434 2543 576 2622 quaeque
604 2559 767 2620 synagoga
793 2545 862 2610 sibi
893 2565 1042 2626 arrogare

7 2631 48 2676 non
62 2623 270 2696 erubesceret,
290 2615 556 2708 Christianosque
578 2620 640 2685 41οόΙ
662 2626 794 2689 nomine
815 2627 965 2710 indignos
987 2625 1043 2727 ju-

7 2693 97 2781 dicaret,
115 2707 286 2770 Johannes
309 2717 398 2768 acute
413 2697 473 2794 ,eos
488 2703 628 2770 non'deo'
635 2753 645 2782 ‚
668 2707 752 2795 quud
766 2712 1042 2800 sibilporsuasere,

13 2783 203 2856 soibutancie
233 2802 358 2853 coctum
379 2794 525 2863 nominat
547 2789 597 2878 (ut
618 2795 688 2878 ipse
710 2794 803 2856 iesus
827 2797 950 2874 tone,
972 2801 1043 2870 37-
1126 2843 1128 2853 1

13 2865 58 2948 44..)
101 2875 254 2941 Ceterum
284 2877 373 2938 locus
403 2877 456 2938 hic
488 2881 619 2964 probat,
654 2891 815 2964 ‚qrrantunr
839 2883 912 2946 'tum
939 2884 1043 2948 adhuc

10 2959 117 3040 temporis
139 2963 321 3027 Christiani
342 2963 396 3023 illi
423 2964 550 3036 nomini
573 2962 767 3026 Judacorum
788 2968 972 3044 tribuerint,
1005 2981 1043 3032 ut

9 3031 56 3101 haec
70 3039 156 3112 facile
179 3047 292 3112 videas
313 3059 385 3110 ante
397 3045 625 3126 Hierosolyma
639 3071 750 3112 eversa
769 3053 889 3138 scripta
901 3075 982 3116 esse.
997 3052 1049 3104 ...'
1100 3063 1103 3079 '

7 3111 34 3183 44·
44 3139 81 3195 40.
99 3129 119 3198 ii
142 3125 440 3222 petieruntque
461 3136 651 3201 vexationes
672 3138 760 3197 enim
780 3140 946 3216 graviores
974 3142 1042 3202 mi-

7 3206 162 3297 trauntur,
185 3230 410 3306 praetereaque
428 3220 607 3280 cormnunis
619 3231 716 3282 erato
743 3223 830 3300 inio,
855 3235 928 3287 ante
942 3221 1041 3286 Chri-

7 3293 31 3352 sti
46 3300 203 3373 adveutum
224 3305 364 3384 maxima
384 3298 454 3364 sore
475 3305 634 3389 pericula,
662 3243 746 3368 uarie
770 3310 866 3390 etiam
885 3310 1041 3397 quosdam
1113 3321 1117 3329 '

10 3391 42 3456 Per
56 3383 221 3454 diabolum
250 3391 296 3468 (i.
314 3411 341 3452 e.
363 3401 426 3473 per
443 3390 582 3475 impios,
611 3411 690 3478 quos
711 3390 858 3456 diabolus
879 3396 1042 3459 ruodorari
1124 3475 1126 3482 Ι

7 3463 149 3552 fidebatur,
184 3473 323 3538 Judaeos
354 3486 386 3536 et
413 3479 636 3554 magistratum
665 3478 702 3536 ab
724 3478 778 3539 his
800 3481 982 3558 incitatum)
1004 3483 1041 3544 in
1113 3477 1117 3492 ’

7 3543 108 3618 viuculo
129 3561 231 3648 (quod
250 3582 375 3646 poenae
397 3571 539 3640 genus¹a
558 3562 745 3642 magistratu
766 3565 802 3626 in
823 3561 877 3628 his
898 3551 1070 3652 partium*
1144 3601 1150 3616 s
1192 3588 1197 3595 ¹

11 3623 112 3706 birotis
142 3660 173 3708 et
198 3648 309 3708 'turbis
337 3646 479 3730 primum
500 3657 586 3722 erat,
620 3643 879 3727 cf.'Act.19,.3.
902 3659 951 3728 16,
972 3656 1040 3728 23.)
1117 3653 1121 3659 ’

12 3723 95 3804 Mne
114 3727 241 3796 ductum
259 3733 302 3793 iri
323 3729 474 3806 affirmat,
495 3741 532 3792 ut
545 3727 749 3816 probentur,
775 3735 927 3800 attidem
949 3756 1041 3800 suam

10 3811 62 3867 uror
79 3819 212 3880 maxima
232 3817 373 3902 pericula
401 3819 537 3903 probare
568 3837 669 3902 eoque
697 3833 946 3884 consummatam
969 3823 1041 3881 vir·

8 3887 76 3956 intem
93 3916 266 3967 monstrare
287 3904 429 3988 possint,
462 3900 546 3964 unde
567 3903 652 3965 maia
673 3897 887 3992 (πειρασμοί)
912 3919 1042 3970 strenue

9 3969 114 4044 ostrida
139 4010 155 4052 a
184 3989 230 4051 V.
252 4000 284 4051 et
303 3984 404 4050 NRF.
425 3986 751 4072 scriptoribus,‚.i,raud
781 4011 852 4052 raro
876 4011 1042 4056 commen-

7 4041 239 4164 turur'doosque
262 4075 412 4138 consulto
430 4062 582 4142 homines
603 4069 698 4137 rrralis
724 4071 894 4160 explorare
922 4076 1040 4144 dicitur

647 4187 927 4268 ³1ss*'
