<?xml version="1.0" encoding="UTF-8"?>
<!DOCTYPE html PUBLIC "-//W3C//DTD XHTML 1.0 Transitional//EN"
    "http://www.w3.org/TR/xhtml1/DTD/xhtml1-transitional.dtd">
<html xmlns="http://www.w3.org/1999/xhtml" xml:lang="en" lang="en">
 <head>
  <title>
</title>
<meta http-equiv="Content-Type" content="text/html;charset=utf-8" />
  <meta name='ocr-system' content='tesseract 3.04.00' />
  <meta name='ocr-capabilities' content='ocr_page ocr_carea ocr_par ocr_line ocrx_word'/>
</head>
<body>
  <div class='ocr_page' id='page_1' title='image "./commentariusina00ewalgoog_0194.png"; bbox 0 0 2572 4868; ppageno 0'>
   <div class='ocr_carea' id='block_1_1' title="bbox 101 331 1088 490">
    <p class='ocr_par' dir='ltr' id='par_1_1' title="bbox 101 331 1088 490">
     <span class='ocr_line' id='line_1_1' title="bbox 101 331 1088 490; baseline 0.017 -42"><span class='ocrx_word' id='word_1_1' title='bbox 101 371 145 448; x_wconf 90' lang='grc' dir='ltr'>Π.</span> <span class='ocrx_word' id='word_1_2' title='bbox 172 371 353 448; x_wconf 84' lang='lat' dir='ltr'><strong>Visiones.</strong></span> <span class='ocrx_word' id='word_1_3' title='bbox 404 377 447 446; x_wconf 89' lang='lat' dir='ltr'>ll.</span> <span class='ocrx_word' id='word_1_4' title='bbox 477 385 511 458; x_wconf 84' lang='lat'><strong>3.</strong></span> <span class='ocrx_word' id='word_1_5' title='bbox 564 375 651 470; x_wconf 72' lang='lat' dir='ltr'>Cap.</span> <span class='ocrx_word' id='word_1_6' title='bbox 684 331 744 463; x_wconf 71' lang='lat'><strong>11.</strong></span> <span class='ocrx_word' id='word_1_7' title='bbox 770 383 912 460; x_wconf 65' lang='grc' dir='ltr'>3-13ε</span> <span class='ocrx_word' id='word_1_8' title='bbox 982 384 1056 464; x_wconf 81' lang='grc'>199</span> <span class='ocrx_word' id='word_1_9' title='bbox 1072 465 1088 490; x_wconf 77' lang='lat'><strong>.</strong></span> 
     </span>
    </p>
   </div>
   <div class='ocr_carea' id='block_1_2' title="bbox 7 551 1062 1506">
    <p class='ocr_par' dir='ltr' id='par_1_2' title="bbox 8 551 1057 646">
     <span class='ocr_line' id='line_1_2' title="bbox 8 551 1057 646; baseline -0.007 -24"><span class='ocrx_word' id='word_1_10' title='bbox 8 557 91 622; x_wconf 83' lang='lat' dir='ltr'>nicer.</span> <span class='ocrx_word' id='word_1_11' title='bbox 111 559 198 624; x_wconf 80' lang='lat' dir='ltr'>thes.</span> <span class='ocrx_word' id='word_1_12' title='bbox 219 583 256 646; x_wconf 90' lang='lat' dir='ltr'>p.</span> <span class='ocrx_word' id='word_1_13' title='bbox 272 569 353 634; x_wconf 75' lang='lat'><strong>392.</strong></span> <span class='ocrx_word' id='word_1_14' title='bbox 373 561 447 632; x_wconf 83' lang='grc'>430.</span> <span class='ocrx_word' id='word_1_15' title='bbox 471 554 635 643; x_wconf 83' lang='lat' dir='ltr'>(Corrodi)</span> <span class='ocrx_word' id='word_1_16' title='bbox 656 557 737 622; x_wconf 87' lang='lat' dir='ltr'>krit.</span> <span class='ocrx_word' id='word_1_17' title='bbox 758 556 877 622; x_wconf 85' lang='lat' dir='ltr'>Gesch.</span> <span class='ocrx_word' id='word_1_18' title='bbox 899 551 955 618; x_wconf 89' lang='lat' dir='ltr'>des</span> <span class='ocrx_word' id='word_1_19' title='bbox 974 553 1057 616; x_wconf 78' lang='lat' dir='ltr'>chi-</span> 
     </span>
    </p>

    <p class='ocr_par' dir='ltr' id='par_1_3' title="bbox 7 634 1062 1506">
     <span class='ocr_line' id='line_1_3' title="bbox 7 634 1057 732; baseline -0.003 -26"><span class='ocrx_word' id='word_1_20' title='bbox 7 645 75 707; x_wconf 88' lang='lat' dir='ltr'>iasm.</span> <span class='ocrx_word' id='word_1_21' title='bbox 96 641 135 706; x_wconf 88' lang='lat' dir='ltr'>T.</span> <span class='ocrx_word' id='word_1_22' title='bbox 160 657 193 716; x_wconf 83' lang='lat'><strong>2.</strong></span> <span class='ocrx_word' id='word_1_23' title='bbox 217 667 254 730; x_wconf 90' lang='lat' dir='ltr'>p.</span> <span class='ocrx_word' id='word_1_24' title='bbox 268 653 349 720; x_wconf 75' lang='lat'><strong>279.</strong></span> <span class='ocrx_word' id='word_1_25' title='bbox 368 651 433 718; x_wconf 87' lang='grc'>434</span> <span class='ocrx_word' id='word_1_26' title='bbox 455 647 548 732; x_wconf 84' lang='lat' dir='ltr'>sqq.)</span> <span class='ocrx_word' id='word_1_27' title='bbox 574 646 713 707; x_wconf 90' lang='lat' dir='ltr'>multum</span> <span class='ocrx_word' id='word_1_28' title='bbox 734 645 770 708; x_wconf 92' lang='lat' dir='ltr'>in</span> <span class='ocrx_word' id='word_1_29' title='bbox 791 645 840 706; x_wconf 89' lang='lat' dir='ltr'>rei</span> <span class='ocrx_word' id='word_1_30' title='bbox 858 634 1057 704; x_wconf 76' lang='lat' dir='ltr'>&#39;christianae</span> 
     </span>
     <span class='ocr_line' id='line_1_4' title="bbox 7 725 1056 822; baseline 0.003 -36"><span class='ocrx_word' id='word_1_31' title='bbox 7 729 156 792; x_wconf 79' lang='lat' dir='ltr'>rimordiis</span> <span class='ocrx_word' id='word_1_32' title='bbox 187 730 358 808; x_wconf 78' lang='lat' dir='ltr'>invaluit,</span> <span class='ocrx_word' id='word_1_33' title='bbox 392 743 424 794; x_wconf 87' lang='lat' dir='ltr'>et</span> <span class='ocrx_word' id='word_1_34' title='bbox 453 751 631 822; x_wconf 90' lang='lat' dir='ltr'>quanquam</span> <span class='ocrx_word' id='word_1_35' title='bbox 661 731 912 792; x_wconf 83' lang='lat' dir='ltr'>christianorum</span> <span class='ocrx_word' id='word_1_36' title='bbox 940 729 994 788; x_wconf 92' lang='lat' dir='ltr'>his</span> <span class='ocrx_word' id='word_1_37' title='bbox 1016 725 1056 789; x_wconf 88' lang='lat' dir='ltr'>de</span> 
     </span>
     <span class='ocr_line' id='line_1_5' title="bbox 7 809 1054 913; baseline -0.001 -38"><span class='ocrx_word' id='word_1_38' title='bbox 7 817 62 876; x_wconf 72' lang='lat' dir='ltr'>rhus</span> <span class='ocrx_word' id='word_1_39' title='bbox 80 815 258 902; x_wconf 70' lang='lat' dir='ltr'><strong>opiniones</strong></span> <span class='ocrx_word' id='word_1_40' title='bbox 282 811 456 913; x_wconf 79' lang='lat' dir='ltr'>et&#39;judicia</span> <span class='ocrx_word' id='word_1_41' title='bbox 477 817 554 878; x_wconf 90' lang='lat' dir='ltr'>satis</span> <span class='ocrx_word' id='word_1_42' title='bbox 572 827 696 879; x_wconf 88' lang='lat' dir='ltr'>mature</span> <span class='ocrx_word' id='word_1_43' title='bbox 707 809 774 910; x_wconf 79' lang='lat' dir='ltr'>jam</span> <span class='ocrx_word' id='word_1_44' title='bbox 790 813 828 878; x_wconf 87' lang='lat' dir='ltr'>ad</span> <span class='ocrx_word' id='word_1_45' title='bbox 844 813 929 874; x_wconf 92' lang='lat' dir='ltr'>hunc</span> <span class='ocrx_word' id='word_1_46' title='bbox 944 814 1054 899; x_wconf 87' lang='lat' dir='ltr'>ipsum</span> 
     </span>
     <span class='ocr_line' id='line_1_6' title="bbox 7 891 1053 992; baseline -0.004 -32"><span class='ocrx_word' id='word_1_47' title='bbox 7 901 213 985; x_wconf 65' lang='lat' dir='ltr'>rpucalypseos</span> <span class='ocrx_word' id='word_1_48' title='bbox 245 903 360 965; x_wconf 89' lang='lat' dir='ltr'>locum</span> <span class='ocrx_word' id='word_1_49' title='bbox 391 903 550 990; x_wconf 85' lang='lat' dir='ltr'>applicata</span> <span class='ocrx_word' id='word_1_50' title='bbox 577 913 610 964; x_wconf 91' lang='lat' dir='ltr'>et</span> <span class='ocrx_word' id='word_1_51' title='bbox 638 902 803 964; x_wconf 82' lang='lat' dir='ltr'>efformata</span> <span class='ocrx_word' id='word_1_52' title='bbox 825 919 976 980; x_wconf 78' lang='lat' dir='ltr'>agnoscas</span> <span class='ocrx_word' id='word_1_53' title='bbox 997 891 1053 992; x_wconf 81' lang='lat' dir='ltr'><strong>(cf.</strong></span> 
     </span>
     <span class='ocr_line' id='line_1_7' title="bbox 7 980 1062 1080; baseline -0.002 -35"><span class='ocrx_word' id='word_1_54' title='bbox 7 1007 32 1046; x_wconf 80' lang='lat' dir='ltr'><strong>v.</strong></span> <span class='ocrx_word' id='word_1_55' title='bbox 50 985 154 1046; x_wconf 76' lang='lat' dir='ltr'>Nicod.</span> <span class='ocrx_word' id='word_1_56' title='bbox 185 987 247 1048; x_wconf 87' lang='lat' dir='ltr'>cit.</span> <span class='ocrx_word' id='word_1_57' title='bbox 270 980 380 1050; x_wconf 84' lang='lat' dir='ltr'><strong>Andr.</strong></span> <span class='ocrx_word' id='word_1_58' title='bbox 410 1000 442 1052; x_wconf 86' lang='lat' dir='ltr'>et</span> <span class='ocrx_word' id='word_1_59' title='bbox 462 983 581 1050; x_wconf 87' lang='lat' dir='ltr'>Areth.</span> <span class='ocrx_word' id='word_1_60' title='bbox 608 986 785 1053; x_wconf 83' lang='lat' dir='ltr'>c0m1n.ad</span> <span class='ocrx_word' id='word_1_61' title='bbox 809 983 843 1068; x_wconf 73' lang='lat' dir='ltr'><strong>h.</strong></span> <span class='ocrx_word' id='word_1_62' title='bbox 859 985 882 1044; x_wconf 90' lang='lat' dir='ltr'>l.</span> <span class='ocrx_word' id='word_1_63' title='bbox 905 995 937 1046; x_wconf 88' lang='lat' dir='ltr'>et</span> <span class='ocrx_word' id='word_1_64' title='bbox 954 985 1062 1080; x_wconf 67' lang='lat' dir='ltr'>hujus</span> 
     </span>
     <span class='ocr_line' id='line_1_8' title="bbox 7 1065 1050 1160; baseline -0.001 -32"><span class='ocrx_word' id='word_1_65' title='bbox 7 1070 54 1129; x_wconf 84' lang='lat' dir='ltr'>ibri</span> <span class='ocrx_word' id='word_1_66' title='bbox 78 1071 220 1134; x_wconf 76' lang='lat' dir='ltr'>imitatio</span> <span class='ocrx_word' id='word_1_67' title='bbox 255 1073 422 1136; x_wconf 80' lang='lat' dir='ltr'>recentior</span> <span class='ocrx_word' id='word_1_68' title='bbox 455 1073 583 1160; x_wconf 91' lang='lat' dir='ltr'>spuriae</span> <span class='ocrx_word' id='word_1_69' title='bbox 611 1073 765 1154; x_wconf 79' lang='lat' dir='ltr'>originis,</span> <span class='ocrx_word' id='word_1_70' title='bbox 798 1069 913 1133; x_wconf 86' lang='lat' dir='ltr'>eodem</span> <span class='ocrx_word' id='word_1_71' title='bbox 942 1065 1050 1152; x_wconf 77' lang='lat' dir='ltr'>Aper.</span> 
     </span>
     <span class='ocr_line' id='line_1_9' title="bbox 7 1151 1050 1242; baseline 0 -30"><span class='ocrx_word' id='word_1_72' title='bbox 7 1151 168 1218; x_wconf 75' lang='lat' dir='ltr'>lolmtrneae</span> <span class='ocrx_word' id='word_1_73' title='bbox 200 1158 328 1235; x_wconf 84' lang='lat' dir='ltr'>titulo,</span> <span class='ocrx_word' id='word_1_74' title='bbox 368 1161 405 1221; x_wconf 89' lang='lat' dir='ltr'>in</span> <span class='ocrx_word' id='word_1_75' title='bbox 432 1155 556 1220; x_wconf 83' lang='lat' dir='ltr'>Rirchii</span> <span class='ocrx_word' id='word_1_76' title='bbox 588 1169 703 1220; x_wconf 86' lang='lat' dir='ltr'>auctar.</span> <span class='ocrx_word' id='word_1_77' title='bbox 733 1156 804 1222; x_wconf 88' lang='lat' dir='ltr'>cod.</span> <span class='ocrx_word' id='word_1_78' title='bbox 836 1175 925 1242; x_wconf 86' lang='lat' dir='ltr'>apoc.</span> <span class='ocrx_word' id='word_1_79' title='bbox 956 1151 1050 1215; x_wconf 84' lang='lat' dir='ltr'>Febr.</span> 
     </span>
     <span class='ocr_line' id='line_1_10' title="bbox 7 1236 1051 1327; baseline -0.009 -20"><span class='ocrx_word' id='word_1_80' title='bbox 7 1259 19 1296; x_wconf 73' lang='lat' dir='ltr'>t·</span> <span class='ocrx_word' id='word_1_81' title='bbox 33 1236 124 1325; x_wconf 61' lang='lat' dir='ltr'>illl),</span> <span class='ocrx_word' id='word_1_82' title='bbox 158 1244 356 1306; x_wconf 86' lang='lat' dir='ltr'>communis·</span> <span class='ocrx_word' id='word_1_83' title='bbox 376 1255 486 1307; x_wconf 83' lang='lat' dir='ltr'>tameu</span> <span class='ocrx_word' id='word_1_84' title='bbox 517 1245 599 1304; x_wconf 90' lang='lat' dir='ltr'>haec</span> <span class='ocrx_word' id='word_1_85' title='bbox 627 1245 778 1308; x_wconf 74' lang='lat' dir='ltr'>ecclesiae</span> <span class='ocrx_word' id='word_1_86' title='bbox 807 1241 1051 1327; x_wconf 76' lang='lat' dir='ltr'>antiquissimae</span> 
     </span>
     <span class='ocr_line' id='line_1_11' title="bbox 7 1321 1051 1414; baseline 0.004 -33"><span class='ocrx_word' id='word_1_87' title='bbox 7 1323 98 1388; x_wconf 81' lang='lat' dir='ltr'>coditio</span> <span class='ocrx_word' id='word_1_88' title='bbox 128 1321 299 1392; x_wconf 74' lang='lat' dir='ltr'>facillime</span> <span class='ocrx_word' id='word_1_89' title='bbox 328 1349 370 1390; x_wconf 84' lang='lat' dir='ltr'>ex</span> <span class='ocrx_word' id='word_1_90' title='bbox 400 1331 465 1392; x_wconf 92' lang='lat' dir='ltr'>hoc</span> <span class='ocrx_word' id='word_1_91' title='bbox 489 1329 582 1404; x_wconf 88' lang='lat' dir='ltr'>loco,</span> <span class='ocrx_word' id='word_1_92' title='bbox 615 1330 748 1414; x_wconf 87' lang='lat' dir='ltr'>quinam</span> <span class='ocrx_word' id='word_1_93' title='bbox 761 1339 926 1408; x_wconf 33' lang='lat' dir='ltr'>ftnartyqes</span> <span class='ocrx_word' id='word_1_94' title='bbox 949 1323 1051 1388; x_wconf 80' lang='lat' dir='ltr'>duo&#39;u</span> 
     </span>
     <span class='ocr_line' id='line_1_12' title="bbox 7 1409 1052 1506; baseline -0.002 -36"><span class='ocrx_word' id='word_1_95' title='bbox 7 1419 50 1470; x_wconf 71' lang='lat' dir='ltr'>&#39;ate</span> <span class='ocrx_word' id='word_1_96' title='bbox 69 1410 245 1492; x_wconf 86' lang='lat' dir='ltr'>significati</span> <span class='ocrx_word' id='word_1_97' title='bbox 270 1415 360 1489; x_wconf 83' lang='lat' dir='ltr'>sint,</span> <span class='ocrx_word' id='word_1_98' title='bbox 384 1415 454 1480; x_wconf 89' lang='lat' dir='ltr'>erui</span> <span class='ocrx_word' id='word_1_99' title='bbox 474 1416 620 1506; x_wconf 83' lang='lat' dir='ltr'>potuisse</span> <span class='ocrx_word' id='word_1_100' title='bbox 641 1422 810 1500; x_wconf 75' lang='lat' dir='ltr'>vatemque</span> <span class='ocrx_word' id='word_1_101' title='bbox 832 1433 890 1496; x_wconf 86' lang='lat' dir='ltr'>suo</span> <span class='ocrx_word' id='word_1_102' title='bbox 909 1409 1052 1494; x_wconf 88' lang='lat' dir='ltr'>tempori</span> 
     </span>
    </p>
   </div>
   <div class='ocr_carea' id='block_1_3' title="bbox 7 1495 1209 1598">
    <p class='ocr_par' dir='ltr' id='par_1_4' title="bbox 7 1495 1209 1598">
     <span class='ocr_line' id='line_1_13' title="bbox 7 1495 1209 1598; baseline -0.01 -36"><span class='ocrx_word' id='word_1_103' title='bbox 7 1495 53 1554; x_wconf 71' lang='lat' dir='ltr'>dis</span> <span class='ocrx_word' id='word_1_104' title='bbox 79 1499 255 1584; x_wconf 89' lang='lat' dir='ltr'>perspicue</span> <span class='ocrx_word' id='word_1_105' title='bbox 293 1500 465 1598; x_wconf 75' lang='lat' dir='ltr'>scripsisse</span> <span class='ocrx_word' id='word_1_106' title='bbox 494 1511 663 1566; x_wconf 83' lang='lat' dir='ltr'>monstrat.</span> <span class='ocrx_word' id='word_1_107' title='bbox 724 1498 794 1566; x_wconf 82' lang='lat' dir='ltr'>Hos</span> <span class='ocrx_word' id='word_1_108' title='bbox 832 1508 938 1562; x_wconf 77' lang='lat' dir='ltr'>autem</span> <span class='ocrx_word' id='word_1_109' title='bbox 970 1497 1052 1557; x_wconf 90' lang='lat' dir='ltr'>duos</span> <span class='ocrx_word' id='word_1_110' title='bbox 1108 1495 1114 1509; x_wconf 88' lang='lat'>&#39;</span> <span class='ocrx_word' id='word_1_111' title='bbox 1208 1530 1209 1539; x_wconf 31' lang='lat'>¹</span> 
     </span>
    </p>
   </div>
   <div class='ocr_carea' id='block_1_4' title="bbox 7 1583 1156 4243">
    <p class='ocr_par' dir='ltr' id='par_1_5' title="bbox 7 1583 1156 4243">
     <span class='ocr_line' id='line_1_14' title="bbox 10 1583 1052 1672; baseline 0.002 -34"><span class='ocrx_word' id='word_1_112' title='bbox 10 1589 78 1642; x_wconf 85' lang='lat' dir='ltr'>atem</span> <span class='ocrx_word' id='word_1_113' title='bbox 99 1584 170 1646; x_wconf 77' lang='lat' dir='ltr'>hoc‘</span> <span class='ocrx_word' id='word_1_114' title='bbox 185 1583 303 1672; x_wconf 88' lang='lat' dir='ltr'>capite</span> <span class='ocrx_word' id='word_1_115' title='bbox 323 1607 478 1660; x_wconf 80' lang='lat' dir='ltr'>innuere,</span> <span class='ocrx_word' id='word_1_116' title='bbox 499 1585 620 1647; x_wconf 88' lang='lat' dir='ltr'>indicia</span> <span class='ocrx_word' id='word_1_117' title='bbox 643 1595 825 1648; x_wconf 84' lang='lat' dir='ltr'>monstrant</span> <span class='ocrx_word' id='word_1_118' title='bbox 844 1586 922 1646; x_wconf 85' lang='lat' dir='ltr'>satis</span> <span class='ocrx_word' id='word_1_119' title='bbox 942 1583 1052 1644; x_wconf 85' lang='lat' dir='ltr'>multa.</span> 
     </span>
     <span class='ocr_line' id='line_1_15' title="bbox 7 1661 1051 1758; baseline 0.003 -36"><span class='ocrx_word' id='word_1_120' title='bbox 7 1661 58 1725; x_wconf 84' lang='lat' dir='ltr'>lam</span> <span class='ocrx_word' id='word_1_121' title='bbox 81 1679 110 1729; x_wconf 89' lang='lat' dir='ltr'>et</span> <span class='ocrx_word' id='word_1_122' title='bbox 139 1671 265 1755; x_wconf 90' lang='lat' dir='ltr'>opinio</span> <span class='ocrx_word' id='word_1_123' title='bbox 305 1669 345 1731; x_wconf 88' lang='lat' dir='ltr'>de</span> <span class='ocrx_word' id='word_1_124' title='bbox 380 1672 434 1732; x_wconf 90' lang='lat' dir='ltr'>his</span> <span class='ocrx_word' id='word_1_125' title='bbox 464 1669 600 1733; x_wconf 80' lang='lat' dir='ltr'>Messias</span> <span class='ocrx_word' id='word_1_126' title='bbox 628 1672 837 1758; x_wconf 78' lang='lat' dir='ltr'>praeconibus</span> <span class='ocrx_word' id='word_1_127' title='bbox 865 1669 1051 1752; x_wconf 81' lang='lat' dir='ltr'>ultimisque</span> 
     </span>
     <span class='ocr_line' id='line_1_16' title="bbox 7 1755 1051 1842; baseline 0.004 -32"><span class='ocrx_word' id='word_1_128' title='bbox 7 1769 96 1813; x_wconf 84' lang='lat' dir='ltr'>uorum</span> <span class='ocrx_word' id='word_1_129' title='bbox 123 1755 393 1818; x_wconf 72' lang='lat' dir='ltr'>emendatoribus</span> <span class='ocrx_word' id='word_1_130' title='bbox 420 1757 609 1842; x_wconf 84' lang='lat' dir='ltr'>pervulgata</span> <span class='ocrx_word' id='word_1_131' title='bbox 640 1767 708 1818; x_wconf 87' lang='lat' dir='ltr'>erat</span> <span class='ocrx_word' id='word_1_132' title='bbox 734 1759 800 1819; x_wconf 87' lang='lat' dir='ltr'>isto</span> <span class='ocrx_word' id='word_1_133' title='bbox 823 1769 987 1842; x_wconf 86' lang='lat' dir='ltr'>tempore,</span> <span class='ocrx_word' id='word_1_134' title='bbox 1015 1762 1051 1811; x_wconf 87' lang='lat' dir='ltr'>ut</span> 
     </span>
     <span class='ocr_line' id='line_1_17' title="bbox 7 1839 1050 1926; baseline 0.002 -32"><span class='ocrx_word' id='word_1_135' title='bbox 7 1845 79 1926; x_wconf 71' lang='lat' dir='ltr'>[atem</span> <span class='ocrx_word' id='word_1_136' title='bbox 102 1839 138 1902; x_wconf 92' lang='lat' dir='ltr'>in</span> <span class='ocrx_word' id='word_1_137' title='bbox 170 1843 349 1904; x_wconf 80' lang='lat' dir='ltr'>¹visionum</span> <span class='ocrx_word' id='word_1_138' title='bbox 378 1863 508 1905; x_wconf 83' lang='lat' dir='ltr'>suarum</span> <span class='ocrx_word' id='word_1_139' title='bbox 535 1864 628 1926; x_wconf 29' lang='lat' dir='ltr'>nexu,</span> <span class='ocrx_word' id='word_1_140' title='bbox 651 1863 721 1904; x_wconf 88' lang='lat' dir='ltr'>earn</span> <span class='ocrx_word' id='word_1_141' title='bbox 750 1855 879 1924; x_wconf 80' lang='lat' dir='ltr'>tangere</span> <span class='ocrx_word' id='word_1_142' title='bbox 908 1849 1050 1900; x_wconf 89' lang='lat' dir='ltr'>coactum</span> 
     </span>
     <span class='ocr_line' id='line_1_18' title="bbox 7 1919 1051 2013; baseline 0.008 -39"><span class='ocrx_word' id='word_1_143' title='bbox 7 1919 76 1982; x_wconf 78' lang='lat' dir='ltr'>:uisse</span> <span class='ocrx_word' id='word_1_144' title='bbox 103 1925 210 2002; x_wconf 68' lang='lat' dir='ltr'>dicas,</span> <span class='ocrx_word' id='word_1_145' title='bbox 247 1937 284 1988; x_wconf 84' lang='lat' dir='ltr'>et</span> <span class='ocrx_word' id='word_1_146' title='bbox 309 1927 400 1989; x_wconf 82' lang='lat' dir='ltr'>locus</span> <span class='ocrx_word' id='word_1_147' title='bbox 428 1929 484 2013; x_wconf 89' lang='lat' dir='ltr'>qui</span> <span class='ocrx_word' id='word_1_148' title='bbox 509 1925 548 1989; x_wconf 86' lang='lat' dir='ltr'>d&#39;e</span> <span class='ocrx_word' id='word_1_149' title='bbox 571 1929 614 1989; x_wconf 92' lang='lat' dir='ltr'>iis</span> <span class='ocrx_word' id='word_1_150' title='bbox 635 1940 723 2008; x_wconf 86' lang='lat' dir='ltr'>agat,</span> <span class='ocrx_word' id='word_1_151' title='bbox 753 1929 812 1988; x_wconf 70' lang='lat' dir='ltr'>&#39;hic</span> <span class='ocrx_word' id='word_1_152' title='bbox 832 1925 967 1988; x_wconf 88' lang='lat' dir='ltr'>idoneus</span> <span class='ocrx_word' id='word_1_153' title='bbox 990 1933 1051 1997; x_wconf 89' lang='lat' dir='ltr'>est,</span> 
     </span>
     <span class='ocr_line' id='line_1_19' title="bbox 7 2005 1156 2098; baseline 0.007 -39"><span class='ocrx_word' id='word_1_154' title='bbox 7 2011 27 2060; x_wconf 83' lang='lat' dir='ltr'>st</span> <span class='ocrx_word' id='word_1_155' title='bbox 52 2005 109 2090; x_wconf 83' lang='lat' dir='ltr'>ipsa</span> <span class='ocrx_word' id='word_1_156' title='bbox 143 2011 336 2097; x_wconf 82' lang='lat' dir='ltr'>praedicata</span> <span class='ocrx_word' id='word_1_157' title='bbox 372 2033 406 2074; x_wconf 79' lang='lat' dir='ltr'>u.</span> <span class='ocrx_word' id='word_1_158' title='bbox 439 2022 471 2081; x_wconf 88' lang='grc'>5.</span> <span class='ocrx_word' id='word_1_159' title='bbox 499 2017 604 2083; x_wconf 77' lang='lat'><strong>6.12.</strong></span> <span class='ocrx_word' id='word_1_160' title='bbox 636 2013 796 2098; x_wconf 83' lang='lat' dir='ltr'>descripta</span> <span class='ocrx_word' id='word_1_161' title='bbox 824 2024 890 2074; x_wconf 84' lang='lat' dir='ltr'>tam</span> <span class='ocrx_word' id='word_1_162' title='bbox 918 2009 1052 2096; x_wconf 90' lang='lat' dir='ltr'>pulchre</span> <span class='ocrx_word' id='word_1_163' title='bbox 1147 2019 1156 2026; x_wconf 86' lang='grc'><em>“</em></span> 
     </span>
     <span class='ocr_line' id='line_1_20' title="bbox 7 2081 1052 2192; baseline 0.01 -48"><span class='ocrx_word' id='word_1_164' title='bbox 7 2081 94 2170; x_wconf 82' lang='lat' dir='ltr'>Elina,</span> <span class='ocrx_word' id='word_1_165' title='bbox 113 2115 131 2158; x_wconf 91' lang='lat' dir='ltr'>e</span> <span class='ocrx_word' id='word_1_166' title='bbox 153 2092 252 2192; x_wconf 79' lang='lat' dir='ltr'>cuq&#39;us</span> <span class='ocrx_word' id='word_1_167' title='bbox 270 2098 416 2160; x_wconf 76' lang='lat' dir='ltr'>historia</span> <span class='ocrx_word' id='word_1_168' title='bbox 438 2093 505 2162; x_wconf 84' lang='lat' dir='ltr'>fere</span> <span class='ocrx_word' id='word_1_169' title='bbox 526 2097 669 2160; x_wconf 88' lang='lat' dir='ltr'>desumta</span> <span class='ocrx_word' id='word_1_170' title='bbox 691 2110 786 2175; x_wconf 87' lang='lat' dir='ltr'>sunt,</span> <span class='ocrx_word' id='word_1_171' title='bbox 807 2098 991 2171; x_wconf 80' lang='lat' dir='ltr'>collineant,</span> <span class='ocrx_word' id='word_1_172' title='bbox 1014 2103 1052 2154; x_wconf 85' lang='lat' dir='ltr'>ut</span> 
     </span>
     <span class='ocr_line' id='line_1_21' title="bbox 7 2167 1051 2268; baseline 0.01 -40"><span class='ocrx_word' id='word_1_173' title='bbox 7 2167 66 2235; x_wconf 86' lang='lat' dir='ltr'>huuc</span> <span class='ocrx_word' id='word_1_174' title='bbox 79 2201 142 2244; x_wconf 89' lang='lat' dir='ltr'>non</span> <span class='ocrx_word' id='word_1_175' title='bbox 160 2183 279 2268; x_wconf 88' lang='lat' dir='ltr'>possis</span> <span class='ocrx_word' id='word_1_176' title='bbox 300 2203 368 2245; x_wconf 87' lang='lat' dir='ltr'>non</span> <span class='ocrx_word' id='word_1_177' title='bbox 387 2204 570 2264; x_wconf 82' lang='lat' dir='ltr'>agnoscere.</span> <span class='ocrx_word' id='word_1_178' title='bbox 611 2183 697 2252; x_wconf 86' lang='lat' dir='ltr'>Num</span> <span class='ocrx_word' id='word_1_179' title='bbox 718 2205 797 2246; x_wconf 87' lang='lat' dir='ltr'>vero</span> <span class='ocrx_word' id='word_1_180' title='bbox 820 2185 899 2247; x_wconf 88' lang='lat' dir='ltr'>alter</span> <span class='ocrx_word' id='word_1_181' title='bbox 914 2179 1051 2242; x_wconf 78' lang='lat' dir='ltr'>Henoclr</span> 
     </span>
     <span class='ocr_line' id='line_1_22' title="bbox 7 2258 1066 2358; baseline 0.012 -41"><span class='ocrx_word' id='word_1_182' title='bbox 7 2258 144 2354; x_wconf 75' lang='lat' dir='ltr'>mileses</span> <span class='ocrx_word' id='word_1_183' title='bbox 171 2267 413 2347; x_wconf 82' lang='lat' dir='ltr'>intelligendus</span> <span class='ocrx_word' id='word_1_184' title='bbox 445 2271 489 2332; x_wconf 87' lang='lat' dir='ltr'>sit</span> <span class='ocrx_word' id='word_1_185' title='bbox 520 2267 659 2337; x_wconf 85' lang='lat' dir='ltr'>dubitari</span> <span class='ocrx_word' id='word_1_186' title='bbox 694 2270 817 2358; x_wconf 79' lang='lat' dir='ltr'>possit3</span> <span class='ocrx_word' id='word_1_187' title='bbox 852 2264 1066 2330; x_wconf 66' lang='lat' dir='ltr'>erHeuoetu</span> 
     </span>
     <span class='ocr_line' id='line_1_23' title="bbox 7 2343 1050 2483; baseline 0.012 -84"><span class='ocrx_word' id='word_1_188' title='bbox 7 2343 100 2483; x_wconf 69' lang='lat' dir='ltr'>qudem</span> <span class='ocrx_word' id='word_1_189' title='bbox 121 2351 161 2420; x_wconf 86' lang='lat' dir='ltr'>de</span> <span class='ocrx_word' id='word_1_190' title='bbox 184 2376 255 2442; x_wconf 90' lang='lat' dir='ltr'>quo</span> <span class='ocrx_word' id='word_1_191' title='bbox 276 2352 383 2416; x_wconf 86' lang='lat' dir='ltr'>Patres</span> <span class='ocrx_word' id='word_1_192' title='bbox 405 2353 660 2440; x_wconf 81' lang='lat' dir='ltr'>(praeterHilar.</span> <span class='ocrx_word' id='word_1_193' title='bbox 673 2353 794 2418; x_wconf 85' lang='lat' dir='ltr'>Pictav.</span> <span class='ocrx_word' id='word_1_194' title='bbox 809 2355 844 2416; x_wconf 93' lang='lat' dir='ltr'>in</span> <span class='ocrx_word' id='word_1_195' title='bbox 858 2345 1050 2432; x_wconf 68' lang='lat' dir='ltr'>titurium.)</span> 
     </span>
     <span class='ocr_line' id='line_1_24' title="bbox 14 2435 1120 2528; baseline -0.001 -32"><span class='ocrx_word' id='word_1_196' title='bbox 14 2445 51 2490; x_wconf 65' lang='lat' dir='ltr'>tte</span> <span class='ocrx_word' id='word_1_197' title='bbox 66 2437 226 2517; x_wconf 78' lang='lat' dir='ltr'>cogitant,</span> <span class='ocrx_word' id='word_1_198' title='bbox 247 2459 292 2502; x_wconf 84' lang='lat' dir='ltr'>ex</span> <span class='ocrx_word' id='word_1_199' title='bbox 311 2457 345 2501; x_wconf 72' lang='lat' dir='ltr'>u.</span> <span class='ocrx_word' id='word_1_200' title='bbox 363 2449 412 2510; x_wconf 76' lang='lat'><strong>12.</strong></span> <span class='ocrx_word' id='word_1_201' title='bbox 435 2439 505 2516; x_wconf 85' lang='lat' dir='ltr'>(ubi</span> <span class='ocrx_word' id='word_1_202' title='bbox 524 2451 659 2528; x_wconf 90' lang='lat' dir='ltr'>uterque</span> <span class='ocrx_word' id='word_1_203' title='bbox 678 2441 718 2504; x_wconf 89' lang='lat' dir='ltr'>in</span> <span class='ocrx_word' id='word_1_204' title='bbox 735 2441 860 2503; x_wconf 88' lang='lat' dir='ltr'>coelum</span> <span class='ocrx_word' id='word_1_205' title='bbox 878 2435 1051 2511; x_wconf 84' lang='lat' dir='ltr'>adscendit,</span> <span class='ocrx_word' id='word_1_206' title='bbox 1114 2513 1120 2520; x_wconf 86' lang='lat'><strong>.</strong></span> 
     </span>
     <span class='ocr_line' id='line_1_25' title="bbox 8 2511 1049 2617; baseline -0.005 -31"><span class='ocrx_word' id='word_1_207' title='bbox 8 2511 72 2586; x_wconf 56' lang='lat' dir='ltr'>sicut,</span> <span class='ocrx_word' id='word_1_208' title='bbox 91 2515 155 2617; x_wconf 85' lang='lat' dir='ltr'>jam</span> <span class='ocrx_word' id='word_1_209' title='bbox 183 2526 281 2611; x_wconf 76' lang='lat' dir='ltr'>prius</span> <span class='ocrx_word' id='word_1_210' title='bbox 309 2526 440 2610; x_wconf 87' lang='lat' dir='ltr'>utrique</span> <span class='ocrx_word' id='word_1_211' title='bbox 466 2525 617 2590; x_wconf 84' lang='lat' dir='ltr'>accidisse</span> <span class='ocrx_word' id='word_1_212' title='bbox 643 2527 775 2588; x_wconf 86' lang='lat' dir='ltr'>traditio</span> <span class='ocrx_word' id='word_1_213' title='bbox 809 2521 943 2604; x_wconf 85' lang='lat' dir='ltr'>serebat)</span> <span class='ocrx_word' id='word_1_214' title='bbox 970 2523 1049 2582; x_wconf 88' lang='lat' dir='ltr'>satis</span> 
     </span>
     <span class='ocr_line' id='line_1_26' title="bbox 8 2609 1051 2702; baseline 0 -35"><span class='ocrx_word' id='word_1_215' title='bbox 8 2617 123 2692; x_wconf 59' lang='lat' dir='ltr'>magnum</span> <span class='ocrx_word' id='word_1_216' title='bbox 152 2609 258 2673; x_wconf 91' lang='lat' dir='ltr'>habet</span> <span class='ocrx_word' id='word_1_217' title='bbox 277 2611 495 2695; x_wconf 83' lang='lat' dir='ltr'>praesidium3</span> <span class='ocrx_word' id='word_1_218' title='bbox 532 2613 660 2702; x_wconf 79' lang='lat' dir='ltr'>uirique</span> <span class='ocrx_word' id='word_1_219' title='bbox 686 2613 782 2677; x_wconf 89' lang='lat' dir='ltr'>enim-</span> <span class='ocrx_word' id='word_1_220' title='bbox 795 2611 858 2671; x_wconf 89' lang='lat' dir='ltr'>hoc</span> <span class='ocrx_word' id='word_1_221' title='bbox 882 2625 1051 2676; x_wconf 84' lang='lat' dir='ltr'>commune</span> 
     </span>
     <span class='ocr_line' id='line_1_27' title="bbox 8 2691 1054 2796; baseline 0.01 -53"><span class='ocrx_word' id='word_1_222' title='bbox 8 2691 159 2771; x_wconf 82' lang='lat' dir='ltr'>utercedit‚</span> <span class='ocrx_word' id='word_1_223' title='bbox 196 2697 289 2784; x_wconf 89' lang='lat' dir='ltr'>quod</span> <span class='ocrx_word' id='word_1_224' title='bbox 314 2695 388 2759; x_wconf 78' lang='lat' dir='ltr'>vivi</span> <span class='ocrx_word' id='word_1_225' title='bbox 415 2696 453 2759; x_wconf 91' lang='lat' dir='ltr'>in</span> <span class='ocrx_word' id='word_1_226' title='bbox 479 2691 605 2759; x_wconf 85' lang='lat' dir='ltr'>&#39;coelum</span> <span class='ocrx_word' id='word_1_227' title='bbox 631 2699 717 2796; x_wconf 67' lang='lat' dir='ltr'>qapti</span> <span class='ocrx_word' id='word_1_228' title='bbox 738 2699 856 2759; x_wconf 88' lang='lat' dir='ltr'>it&#39;erum</span> <span class='ocrx_word' id='word_1_229' title='bbox 875 2705 908 2758; x_wconf 88' lang='lat' dir='ltr'>et</span> <span class='ocrx_word' id='word_1_230' title='bbox 928 2695 964 2755; x_wconf 90' lang='lat' dir='ltr'>in</span> <span class='ocrx_word' id='word_1_231' title='bbox 984 2703 1054 2754; x_wconf 87' lang='lat' dir='ltr'>ter·</span> 
     </span>
     <span class='ocr_line' id='line_1_28' title="bbox 8 2773 1054 2868; baseline 0 -30"><span class='ocrx_word' id='word_1_232' title='bbox 8 2785 52 2832; x_wconf 62' lang='grc' dir='ltr'>ΝΜ</span> <span class='ocrx_word' id='word_1_233' title='bbox 68 2773 193 2842; x_wconf 89' lang='lat' dir='ltr'>demitti</span> <span class='ocrx_word' id='word_1_234' title='bbox 216 2779 350 2868; x_wconf 84' lang='lat' dir='ltr'>possint</span> <span class='ocrx_word' id='word_1_235' title='bbox 368 2793 403 2844; x_wconf 85' lang='lat' dir='ltr'>&#39;et</span> <span class='ocrx_word' id='word_1_236' title='bbox 421 2782 508 2844; x_wconf 82' lang='lat' dir='ltr'>vitae</span> <span class='ocrx_word' id='word_1_237' title='bbox 529 2782 649 2844; x_wconf 81' lang='lat' dir='ltr'>redditi</span> <span class='ocrx_word' id='word_1_238' title='bbox 669 2787 706 2846; x_wconf 89' lang='lat' dir='ltr'>in</span> <span class='ocrx_word' id='word_1_239' title='bbox 726 2783 851 2844; x_wconf 91' lang='lat' dir='ltr'>coelum</span> <span class='ocrx_word' id='word_1_240' title='bbox 870 2779 995 2852; x_wconf 84' lang='lat' dir='ltr'>redire,</span> <span class='ocrx_word' id='word_1_241' title='bbox 1017 2785 1054 2838; x_wconf 86' lang='lat' dir='ltr'>ut</span> 
     </span>
     <span class='ocr_line' id='line_1_29' title="bbox 12 2858 1052 2934; baseline 0.007 -17"><span class='ocrx_word' id='word_1_242' title='bbox 12 2858 110 2924; x_wconf 80' lang='lat' dir='ltr'>omino</span> <span class='ocrx_word' id='word_1_243' title='bbox 137 2864 251 2930; x_wconf 85' lang='lat' dir='ltr'>Eliam</span> <span class='ocrx_word' id='word_1_244' title='bbox 278 2888 352 2930; x_wconf 88' lang='lat' dir='ltr'>cum</span> <span class='ocrx_word' id='word_1_245' title='bbox 379 2866 536 2932; x_wconf 90' lang='lat' dir='ltr'>Henocho</span> <span class='ocrx_word' id='word_1_246' title='bbox 570 2871 612 2930; x_wconf 90' lang='lat' dir='ltr'>ob</span> <span class='ocrx_word' id='word_1_247' title='bbox 646 2869 788 2934; x_wconf 87' lang='lat' dir='ltr'>similem</span> <span class='ocrx_word' id='word_1_248' title='bbox 820 2869 902 2929; x_wconf 91' lang='lat' dir='ltr'>hanc</span> <span class='ocrx_word' id='word_1_249' title='bbox 931 2873 1052 2926; x_wconf 87' lang='lat' dir='ltr'>sortem</span> 
     </span>
     <span class='ocr_line' id='line_1_30' title="bbox 9 2937 1049 3033; baseline 0.001 -26"><span class='ocrx_word' id='word_1_250' title='bbox 9 2945 125 3022; x_wconf 67' lang='lat' dir='ltr'>coptilam</span> <span class='ocrx_word' id='word_1_251' title='bbox 146 2973 165 3014; x_wconf 92' lang='lat' dir='ltr'>e</span> <span class='ocrx_word' id='word_1_252' title='bbox 186 2973 282 3016; x_wconf 88' lang='lat' dir='ltr'>more</span> <span class='ocrx_word' id='word_1_253' title='bbox 304 2937 355 3014; x_wconf 78' lang='lat' dir='ltr'>est&#39;</span> <span class='ocrx_word' id='word_1_254' title='bbox 375 2954 448 3016; x_wconf 87' lang='lat' dir='ltr'>aevi</span> <span class='ocrx_word' id='word_1_255' title='bbox 479 2953 571 3014; x_wconf 89' lang='lat' dir='ltr'>illius</span> <span class='ocrx_word' id='word_1_256' title='bbox 602 2949 657 3033; x_wconf 84' lang='lat' dir='ltr'>(ef.</span> <span class='ocrx_word' id='word_1_257' title='bbox 678 2956 764 3018; x_wconf 90' lang='lat' dir='ltr'>inter</span> <span class='ocrx_word' id='word_1_258' title='bbox 786 2953 849 3016; x_wconf 89' lang='lat' dir='ltr'>alia</span> <span class='ocrx_word' id='word_1_259' title='bbox 869 2951 954 3014; x_wconf 88' lang='lat' dir='ltr'>Iren.</span> <span class='ocrx_word' id='word_1_260' title='bbox 976 2946 1049 3010; x_wconf 85' lang='lat' dir='ltr'>adv.</span> 
     </span>
     <span class='ocr_line' id='line_1_31' title="bbox 8 3017 1052 3130; baseline -0.002 -30"><span class='ocrx_word' id='word_1_261' title='bbox 8 3017 71 3118; x_wconf 60' lang='lat' dir='ltr'>hier·</span> <span class='ocrx_word' id='word_1_262' title='bbox 82 3043 109 3110; x_wconf 82' lang='lat'>5,</span> <span class='ocrx_word' id='word_1_263' title='bbox 123 3044 155 3114; x_wconf 81' lang='lat'>5,</span> <span class='ocrx_word' id='word_1_264' title='bbox 172 3042 219 3118; x_wconf 89' lang='lat'><strong>1).</strong></span> <span class='ocrx_word' id='word_1_265' title='bbox 241 3035 384 3100; x_wconf 83' lang='lat' dir='ltr'>EMosis</span> <span class='ocrx_word' id='word_1_266' title='bbox 400 3037 531 3126; x_wconf 84' lang='lat' dir='ltr'>quidem</span> <span class='ocrx_word' id='word_1_267' title='bbox 544 3039 613 3101; x_wconf 79' lang='lat' dir='ltr'>uita</span> <span class='ocrx_word' id='word_1_268' title='bbox 633 3061 666 3100; x_wconf 87' lang='lat' dir='ltr'><strong>v.</strong></span> <span class='ocrx_word' id='word_1_269' title='bbox 676 3047 707 3109; x_wconf 90' lang='lat'><strong>6.</strong></span> <span class='ocrx_word' id='word_1_270' title='bbox 729 3036 1052 3130; x_wconf 27' lang='lat' dir='ltr'>insigneqdesumtum</span> 
     </span>
     <span class='ocr_line' id='line_1_32' title="bbox 8 3107 1150 3212; baseline 0.014 -47"><span class='ocrx_word' id='word_1_271' title='bbox 8 3107 144 3196; x_wconf 78' lang='lat' dir='ltr'>udemus3</span> <span class='ocrx_word' id='word_1_272' title='bbox 166 3125 225 3186; x_wconf 87' lang='lat' dir='ltr'>sed</span> <span class='ocrx_word' id='word_1_273' title='bbox 248 3145 319 3186; x_wconf 88' lang='lat' dir='ltr'>eum</span> <span class='ocrx_word' id='word_1_274' title='bbox 345 3123 545 3187; x_wconf 85' lang='lat' dir='ltr'>Serubabelis</span> <span class='ocrx_word' id='word_1_275' title='bbox 570 3146 695 3212; x_wconf 88' lang='lat' dir='ltr'>quoque</span> <span class='ocrx_word' id='word_1_276' title='bbox 716 3137 748 3189; x_wconf 86' lang='lat' dir='ltr'>et</span> <span class='ocrx_word' id='word_1_277' title='bbox 767 3125 887 3188; x_wconf 86' lang='lat' dir='ltr'>Josuae</span> <span class='ocrx_word' id='word_1_278' title='bbox 903 3124 1051 3201; x_wconf 79' lang='lat' dir='ltr'>imagoa</span> <span class='ocrx_word' id='word_1_279' title='bbox 1144 3179 1150 3190; x_wconf 78' lang='grc'>,</span> 
     </span>
     <span class='ocr_line' id='line_1_33' title="bbox 8 3203 1054 3288; baseline 0.019 -40"><span class='ocrx_word' id='word_1_280' title='bbox 8 3203 58 3257; x_wconf 81' lang='lat' dir='ltr'>tate</span> <span class='ocrx_word' id='word_1_281' title='bbox 75 3203 111 3263; x_wconf 84' lang='lat' dir='ltr'>ad</span> <span class='ocrx_word' id='word_1_282' title='bbox 130 3207 216 3272; x_wconf 89' lang='lat' dir='ltr'>duos</span> <span class='ocrx_word' id='word_1_283' title='bbox 235 3210 300 3271; x_wconf 91' lang='lat' dir='ltr'>hos</span> <span class='ocrx_word' id='word_1_284' title='bbox 326 3208 473 3272; x_wconf 89' lang='lat' dir='ltr'>diversos</span> <span class='ocrx_word' id='word_1_285' title='bbox 491 3209 640 3278; x_wconf 72' lang='lat' dir='ltr'>‘traducta</span> <span class='ocrx_word' id='word_1_286' title='bbox 660 3214 704 3272; x_wconf 87' lang='lat' dir='ltr'>sit</span> <span class='ocrx_word' id='word_1_287' title='bbox 726 3233 759 3274; x_wconf 83' lang='lat' dir='ltr'><strong>v.</strong></span> <span class='ocrx_word' id='word_1_288' title='bbox 774 3217 810 3288; x_wconf 91' lang='grc'>4,</span> <span class='ocrx_word' id='word_1_289' title='bbox 832 3208 948 3272; x_wconf 85' lang='lat' dir='ltr'>Mosen</span> <span class='ocrx_word' id='word_1_290' title='bbox 970 3207 1054 3268; x_wconf 88' lang='lat' dir='ltr'>alte·</span> 
     </span>
     <span class='ocr_line' id='line_1_34' title="bbox 9 3287 1055 3381; baseline 0.006 -35"><span class='ocrx_word' id='word_1_291' title='bbox 9 3287 165 3381; x_wconf 30' lang='lat' dir='ltr'>run&#39;illum</span> <span class='ocrx_word' id='word_1_292' title='bbox 186 3291 296 3358; x_wconf 77' lang='lat' dir='ltr'>vaiem</span> <span class='ocrx_word' id='word_1_293' title='bbox 315 3294 519 3378; x_wconf 81' lang='lat' dir='ltr'>intellexisse</span> <span class='ocrx_word' id='word_1_294' title='bbox 540 3296 659 3360; x_wconf 83' lang='lat' dir='ltr'>exinde</span> <span class='ocrx_word' id='word_1_295' title='bbox 679 3319 746 3359; x_wconf 88' lang='lat' dir='ltr'>nen</span> <span class='ocrx_word' id='word_1_296' title='bbox 767 3297 845 3359; x_wconf 84' lang='lat' dir='ltr'>satis</span> <span class='ocrx_word' id='word_1_297' title='bbox 868 3305 953 3356; x_wconf 87' lang='lat' dir='ltr'>certo</span> <span class='ocrx_word' id='word_1_298' title='bbox 974 3313 1055 3378; x_wconf 89' lang='lat' dir='ltr'>con-</span> 
     </span>
     <span class='ocr_line' id='line_1_35' title="bbox 9 3359 1055 3468; baseline 0.018 -50"><span class='ocrx_word' id='word_1_299' title='bbox 9 3359 129 3436; x_wconf 75' lang='lat' dir='ltr'>cluditur.</span> <span class='ocrx_word' id='word_1_300' title='bbox 188 3380 255 3442; x_wconf 86' lang='lat' dir='ltr'>Nec</span> <span class='ocrx_word' id='word_1_301' title='bbox 286 3391 394 3443; x_wconf 87' lang='lat' dir='ltr'>tamen</span> <span class='ocrx_word' id='word_1_302' title='bbox 427 3381 535 3442; x_wconf 86' lang='lat' dir='ltr'>omnia</span> <span class='ocrx_word' id='word_1_303' title='bbox 566 3383 645 3444; x_wconf 91' lang='lat' dir='ltr'>haec</span> <span class='ocrx_word' id='word_1_304' title='bbox 682 3383 721 3443; x_wconf 87' lang='lat' dir='ltr'>de</span> <span class='ocrx_word' id='word_1_305' title='bbox 749 3393 884 3468; x_wconf 90' lang='lat' dir='ltr'>utroque</span> <span class='ocrx_word' id='word_1_306' title='bbox 918 3389 1055 3452; x_wconf 87' lang='lat' dir='ltr'>narrata,</span> 
     </span>
     <span class='ocr_line' id='line_1_36' title="bbox 9 3459 1055 3562; baseline -0.004 -36"><span class='ocrx_word' id='word_1_307' title='bbox 9 3460 152 3526; x_wconf 72' lang='lat' dir='ltr'>ll⁰11thic</span> <span class='ocrx_word' id='word_1_308' title='bbox 172 3478 371 3542; x_wconf 84' lang='lat' dir='ltr'>enarrantur,</span> <span class='ocrx_word' id='word_1_309' title='bbox 385 3477 476 3529; x_wconf 82' lang='lat' dir='ltr'>uates</span> <span class='ocrx_word' id='word_1_310' title='bbox 497 3459 563 3562; x_wconf 84' lang='lat' dir='ltr'>jam</span> <span class='ocrx_word' id='word_1_311' title='bbox 585 3468 680 3530; x_wconf 85' lang='lat' dir='ltr'>obvia</span> <span class='ocrx_word' id='word_1_312' title='bbox 702 3477 734 3527; x_wconf 89' lang='lat' dir='ltr'>et</span> <span class='ocrx_word' id='word_1_313' title='bbox 753 3469 830 3530; x_wconf 80' lang='lat' dir='ltr'>trita</span> <span class='ocrx_word' id='word_1_314' title='bbox 850 3465 1055 3538; x_wconf 83' lang='lat' dir='ltr'>inveniebat3</span> 
     </span>
     <span class='ocr_line' id='line_1_37' title="bbox 9 3549 1055 3614; baseline -0.007 -1"><span class='ocrx_word' id='word_1_315' title='bbox 9 3549 68 3612; x_wconf 82' lang='lat' dir='ltr'>luae</span> <span class='ocrx_word' id='word_1_316' title='bbox 101 3549 188 3613; x_wconf 88' lang='lat' dir='ltr'>enim</span> <span class='ocrx_word' id='word_1_317' title='bbox 216 3551 256 3612; x_wconf 90' lang='lat' dir='ltr'>de</span> <span class='ocrx_word' id='word_1_318' title='bbox 284 3571 442 3614; x_wconf 87' lang='lat' dir='ltr'>annorum</span> <span class='ocrx_word' id='word_1_319' title='bbox 467 3562 569 3614; x_wconf 88' lang='lat' dir='ltr'>trium</span> <span class='ocrx_word' id='word_1_320' title='bbox 590 3563 622 3613; x_wconf 90' lang='lat' dir='ltr'>et</span> <span class='ocrx_word' id='word_1_321' title='bbox 643 3550 772 3614; x_wconf 89' lang='lat' dir='ltr'>dimidii</span> <span class='ocrx_word' id='word_1_322' title='bbox 793 3554 830 3614; x_wconf 94' lang='lat' dir='ltr'>in</span> <span class='ocrx_word' id='word_1_323' title='bbox 851 3553 929 3614; x_wconf 89' lang='lat' dir='ltr'>urbe</span> <span class='ocrx_word' id='word_1_324' title='bbox 950 3558 1055 3609; x_wconf 79' lang='lat' dir='ltr'>sancta</span> 
     </span>
     <span class='ocr_line' id='line_1_38' title="bbox 12 3631 1085 3723; baseline 0.005 -37"><span class='ocrx_word' id='word_1_325' title='bbox 12 3631 235 3714; x_wconf 67' lang='lat' dir='ltr'>cummanum</span> <span class='ocrx_word' id='word_1_326' title='bbox 257 3649 495 3723; x_wconf 87' lang='lat' dir='ltr'>martyrumque</span> <span class='ocrx_word' id='word_1_327' title='bbox 524 3636 617 3698; x_wconf 87' lang='lat' dir='ltr'>caede</span> <span class='ocrx_word' id='word_1_328' title='bbox 642 3659 661 3699; x_wconf 91' lang='lat' dir='ltr'>a</span> <span class='ocrx_word' id='word_1_329' title='bbox 682 3639 859 3717; x_wconf 82' lang='lat' dir='ltr'>gentilibus</span> <span class='ocrx_word' id='word_1_330' title='bbox 881 3637 1085 3717; x_wconf 89' lang='lat' dir='ltr'>eorumque‘</span> 
     </span>
     <span class='ocr_line' id='line_1_39' title="bbox 9 3711 1056 3808; baseline -0.004 -28"><span class='ocrx_word' id='word_1_331' title='bbox 9 3711 131 3796; x_wconf 75' lang='lat' dir='ltr'>Puuupe</span> <span class='ocrx_word' id='word_1_332' title='bbox 159 3741 284 3783; x_wconf 89' lang='lat' dir='ltr'>summo</span> <span class='ocrx_word' id='word_1_333' title='bbox 311 3733 492 3808; x_wconf 89' lang='lat' dir='ltr'>perpetrata</span> <span class='ocrx_word' id='word_1_334' title='bbox 514 3743 547 3784; x_wconf 89' lang='lat' dir='ltr'><strong>v.</strong></span> <span class='ocrx_word' id='word_1_335' title='bbox 567 3731 605 3799; x_wconf 86' lang='lat'>7,</span> <span class='ocrx_word' id='word_1_336' title='bbox 638 3734 670 3788; x_wconf 89' lang='lat' dir='ltr'>et</span> <span class='ocrx_word' id='word_1_337' title='bbox 692 3719 758 3786; x_wconf 90' lang='lat' dir='ltr'>fato</span> <span class='ocrx_word' id='word_1_338' title='bbox 782 3721 944 3808; x_wconf 86' lang='lat' dir='ltr'>imprimis</span> <span class='ocrx_word' id='word_1_339' title='bbox 967 3718 1056 3778; x_wconf 88' lang='lat' dir='ltr'>urbis</span> 
     </span>
     <span class='ocr_line' id='line_1_40' title="bbox 11 3798 1065 3893; baseline 0.006 -37"><span class='ocrx_word' id='word_1_340' title='bbox 11 3798 110 3883; x_wconf 61' lang='lat' dir='ltr'>slttetzae</span> <span class='ocrx_word' id='word_1_341' title='bbox 130 3807 257 3868; x_wconf 87' lang='lat' dir='ltr'>caedem</span> <span class='ocrx_word' id='word_1_342' title='bbox 279 3807 361 3870; x_wconf 88' lang='lat' dir='ltr'>hauc</span> <span class='ocrx_word' id='word_1_343' title='bbox 382 3819 545 3871; x_wconf 88' lang='lat' dir='ltr'>cruentam</span> <span class='ocrx_word' id='word_1_344' title='bbox 566 3819 719 3893; x_wconf 88' lang='lat' dir='ltr'>sequente</span> <span class='ocrx_word' id='word_1_345' title='bbox 741 3831 775 3872; x_wconf 86' lang='lat' dir='ltr'><strong>v.</strong></span> <span class='ocrx_word' id='word_1_346' title='bbox 797 3817 849 3879; x_wconf 87' lang='lat'><strong>13.</strong></span> <span class='ocrx_word' id='word_1_347' title='bbox 867 3813 991 3878; x_wconf 88' lang='lat' dir='ltr'>narrat,</span> <span class='ocrx_word' id='word_1_348' title='bbox 1019 3813 1065 3888; x_wconf 13' lang='lat' dir='ltr'>ea!</span> 
     </span>
     <span class='ocr_line' id='line_1_41' title="bbox 12 3875 1058 3976; baseline 0.01 -39"><span class='ocrx_word' id='word_1_349' title='bbox 12 3875 118 3962; x_wconf 55' lang='lat' dir='ltr'>quidem</span> <span class='ocrx_word' id='word_1_350' title='bbox 141 3888 194 3954; x_wconf 87' lang='lat' dir='ltr'>hic</span> <span class='ocrx_word' id='word_1_351' title='bbox 215 3899 301 3974; x_wconf 67' lang='lat' dir='ltr'>neta</span> <span class='ocrx_word' id='word_1_352' title='bbox 321 3893 445 3956; x_wconf 80' lang='lat' dir='ltr'>ratione</span> <span class='ocrx_word' id='word_1_353' title='bbox 467 3895 615 3955; x_wconf 89' lang='lat' dir='ltr'>suumin</span> <span class='ocrx_word' id='word_1_354' title='bbox 639 3895 739 3956; x_wconf 84' lang='lat' dir='ltr'>linem</span> <span class='ocrx_word' id='word_1_355' title='bbox 759 3891 980 3976; x_wconf 88' lang='lat' dir='ltr'>composuisse</span> <span class='ocrx_word' id='word_1_356' title='bbox 1003 3885 1058 3948; x_wconf 87' lang='lat' dir='ltr'>vi·</span> 
     </span>
     <span class='ocr_line' id='line_1_42' title="bbox 12 3951 1058 4065; baseline -0.008 -25"><span class='ocrx_word' id='word_1_357' title='bbox 12 3951 102 4040; x_wconf 70' lang='lat' dir='ltr'>detur3</span> <span class='ocrx_word' id='word_1_358' title='bbox 135 3973 170 4038; x_wconf 92' lang='lat' dir='ltr'>in</span> <span class='ocrx_word' id='word_1_359' title='bbox 206 3977 269 4038; x_wconf 91' lang='lat' dir='ltr'>hoe</span> <span class='ocrx_word' id='word_1_360' title='bbox 299 3988 407 4040; x_wconf 88' lang='lat' dir='ltr'>tamen</span> <span class='ocrx_word' id='word_1_361' title='bbox 444 3979 610 4042; x_wconf 88' lang='lat' dir='ltr'>arbitrium</span> <span class='ocrx_word' id='word_1_362' title='bbox 641 3979 728 4040; x_wconf 88' lang='lat' dir='ltr'>haud</span> <span class='ocrx_word' id='word_1_363' title='bbox 761 3993 892 4065; x_wconf 85' lang='lat' dir='ltr'>prorsus</span> <span class='ocrx_word' id='word_1_364' title='bbox 912 3982 1058 4047; x_wconf 82' lang='lat' dir='ltr'>secutus,</span> 
     </span>
     <span class='ocr_line' id='line_1_43' title="bbox 14 4045 1059 4181; baseline -0.003 -61"><span class='ocrx_word' id='word_1_365' title='bbox 14 4045 81 4181; x_wconf 50' lang='grc' dir='ltr'>Ἑῑῡᾷ</span> <span class='ocrx_word' id='word_1_366' title='bbox 98 4053 327 4146; x_wconf 48' lang='lat' dir='ltr'>prophetarum¹</span> <span class='ocrx_word' id='word_1_367' title='bbox 343 4064 462 4125; x_wconf 91' lang='lat' dir='ltr'>horum</span> <span class='ocrx_word' id='word_1_368' title='bbox 481 4066 618 4128; x_wconf 91' lang='lat' dir='ltr'>messiae</span> <span class='ocrx_word' id='word_1_369' title='bbox 640 4061 846 4149; x_wconf 83' lang='lat' dir='ltr'>praeviorum</span> <span class='ocrx_word' id='word_1_370' title='bbox 866 4057 993 4122; x_wconf 87' lang='lat' dir='ltr'>caedem</span> <span class='ocrx_word' id='word_1_371' title='bbox 1015 4078 1059 4118; x_wconf 87' lang='lat' dir='ltr'>ex</span> 
     </span>
     <span class='ocr_line' id='line_1_44' title="bbox 33 4123 1059 4243; baseline 0.015 -54"><span class='ocrx_word' id='word_1_372' title='bbox 33 4123 113 4200; x_wconf 77' lang='lat' dir='ltr'>luisti</span> <span class='ocrx_word' id='word_1_373' title='bbox 139 4144 174 4210; x_wconf 90' lang='lat' dir='ltr'>in</span> <span class='ocrx_word' id='word_1_374' title='bbox 201 4159 286 4214; x_wconf 83' lang='lat' dir='ltr'>terra</span> <span class='ocrx_word' id='word_1_375' title='bbox 302 4149 412 4212; x_wconf 77' lang='lat' dir='ltr'>‘occisi</span> <span class='ocrx_word' id='word_1_376' title='bbox 434 4149 590 4214; x_wconf 84' lang='lat' dir='ltr'>historiae</span> <span class='ocrx_word' id='word_1_377' title='bbox 614 4151 766 4236; x_wconf 76' lang='lat' dir='ltr'>erremplo</span> <span class='ocrx_word' id='word_1_378' title='bbox 787 4159 890 4243; x_wconf 83' lang='lat' dir='ltr'>totam</span> <span class='ocrx_word' id='word_1_379' title='bbox 910 4138 979 4206; x_wconf 85' lang='lat' dir='ltr'>sere</span> <span class='ocrx_word' id='word_1_380' title='bbox 1000 4140 1059 4204; x_wconf 89' lang='lat' dir='ltr'>de·</span> 
     </span>
    </p>
   </div>
   <div class='ocr_carea' id='block_1_5' title="bbox 0 0 1290 4868">
    <p class='ocr_par' dir='ltr' id='par_1_6' title="bbox 0 0 1290 4868">
     <span class='ocr_line' id='line_1_45' title="bbox 0 0 1290 4868; baseline 0 0"><span class='ocrx_word' id='word_1_381' title='bbox 0 0 1290 4868; x_wconf 95' lang='lat' dir='ltr'> </span> 
     </span>
    </p>
   </div>
  </div>
 </body>
</html>
