2622 4862
23 357 163 449 Expend.
180 381 248 425 rar.
268 357 312 426 de
327 349 461 448 argum.
479 368 518 448 et
534 357 687 449 iutegrit.
704 357 787 426 libri
803 361 961 450 opinion.
1013 371 1064 441 27

25 561 123 600 omnes
139 539 271 625 singulae
293 537 456 618 notiones,
486 560 564 623 quas
583 540 747 604 immiscet
763 550 894 619 auctor,
929 539 1066 608 histori-

31 665 76 706 cae
100 665 162 706 enm
192 643 519 714 consummatissimae
553 644 730 730 impiorum
757 665 879 730 poenas
913 645 1067 730 proxime

30 749 157 812 instantes
175 759 203 811 et
225 748 334 812 hostes
359 770 428 812 non
458 747 533 812 alios
554 769 652 832 quam
673 749 814 814 Romam
836 758 869 811 et
884 749 1066 826 ,Neronem

27 863 139 936 putasse
163 833 344 916 monstrant.
396 855 446 919 Ite
477 852 668 918 calamitates
695 853 757 938 piis
785 851 965 916 tolerandas
997 875 1066 918 non

28 957 85 1018 nisi
109 969 181 1020 tres
203 971 239 1022 et
268 956 489 1022 dimidium
518 967 668 1020 atinum
698 956 865 1020 duraturas
892 955 1016 1040 saepius
1034 955 1065 1035 ¹)

33 1058 134 1132 innuit;
160 1061 342 1126 christianos
372 1061 412 1125 ad
432 1059 594 1126 vindictae
614 1083 716 1146 usque
738 1072 866 1146 tempus
889 1051 1064 1144 petallis!

37 1179 94 1244 per
107 1173 222 1228 tantum
251 1165 411 1252 patienter
440 1175 611 1228 morentur
632 1163 821 1244 adhortatur
842 1175 1065 1242 6,.11.·mon÷

36 1287 82 1347 que
102 1281 228 1354 tempore
256 1291 372 1334 morae
402 1269 515 1352 hujus,
549 1269 585 1334 in
615 1273 678 1354 qua
711 1267 874 1333 christiani
905 1273 1064 1336 maximas

31 1371 185 1438 calamitates
208 1375 357 1462 perpessi
389 1375 585 1462 cogitantur,
626 1371 720 1436 brevi
745 1365 853 1458 elapso
885 1372 1077 1465 vindictam·

28 1471 59 1534 de
80 1475 182 1556 injusta
212 1478 463 1546 christianorum
498 1464 685 1556 venatione¹
698 1477 765 1558 jam
797 1477 946 1562 incipere
971 1477 1065 1566 fingit
1107 1509 1109 1518 ⁴
1144 1499 1146 1504 '

27 1584 157 1649 tlt-17.
176 1593 295 1661 1212.
349 1563 552 1666 Quaequid
580 1577 712 1644 tandem
742 1579 832 1644 aliud¹
861 1581 921 1646 sibi
951 1587 1065 1650 volunt

28 1700 101 1760 quam
127 1705 211 1769 spem
239 1684 385 1750 excitare
415 1682 451 1746 in
479 1703 676 1752 coaevorum
705 1684 821 1753 animis
844 1667 1083 1770 certissimam,x

30 1779 79 1844 lore
98 1795 129 1848 ut
151 1799 222 1872 post
246 1811 432 1875 paucorum
458 1811 617 1852 annorum
642 1811 740 1852 nune·
754 1789 978 1874 perpetiendos
1008 1813 1064 1864 ca·
1165 1773 1166 1780 ἵ

32 1883 148 1980 lantitates¹
167 1891 312 1963 vindicta
331 1897 364 1958 in
388 1893 657 1983 impios'ingruat
676 1870 935 1978 sulsitaeamque
955 1899 1064 1980 statim

38 2003 143 2070 sequatur
168 1999 263 2083 regni
294 1997 438 2075 coelestis
465 1995 620 2064 felicitas?
662 1991 775 2081 Capite
787 2004 838 2068 17.
866 2012 974 2064 autem
995 2014 1064 2070 tam

38 2110 109 2173 aperta
123 2101 304 2166 continetur
326 2101 539 2166 calamitatum
559 2100 600 2164 ab
627 2099 876 2186 imperatoribus
895 2107 1064 2188 Romanis,

34 2192 130 2262 lanne
155 2208 380 2290 potissimum,
413 2229 473 2292 per
503 2206 604 2272 breve
626 2216 753 2270 tantum
772 2214 899 2294 tempus
920 2201 1063 2278 toleran-

33 2294 114 2364 darum
130 2301 253 2394 easque
266 2301 469 2378 insecuturae
483 2309 743 2377 Christianorum
757 2313 864 2377 salutis
882 2315 1064 2404 descripti0,

33 2409 57 2460 nt
72 2401 145 2469 lacile
163 2411 341 2500 intelligas,
371 2425 527 2500 quantum
544 2435 568 2488 ¹a
588 2425 699 2476 mente
720 2418 802 2492 vatis
827 2418 978 2508 aberrent
999 2428 1063 2509 qui.

33 2524 89 2584 quae
101 2509 147 2576 hic
171 2519 456 2602 proxime-futura
478 2520 659 2596 ominatur,
694 2541 754 2604 per
774 2521 908 2608 longum
930 2527 1064 2594 demum

34 2614 173 2686 secutorum
206 2611 395 2690 luturorum
425 2621 597 2691 decursum
623 2625 747 2690 factum
776 2623 815 2701 iri
837 2639 875 2692 et
890 2632 942 2696 vel
970 2635 1063 2707 nobis

36 2707 107 2782 lutura
126 2729 282 2812 speranda
304 2749 372 2790 esse
393 2739 571 2793 autumant.

63 2856 125 2966 ¹ll.
152 2862 267 2948 ltaque
288 2867 402 2951 procul
428 2863 533 2942 dubio,
546 2888 614 2930 non
632 2843 785 2946 falluntur
816 2870 870 2953 qui
899 2884 1064 2942 auctorem

38 2973 67 3015 ⁸111
82 2968 222 3048 temporis
245 2968 354 3032 hostes
375 2965 499 3054 impios
514 2971 709 3035 intellexisse
731 2984 883 3039 statuunt.
934 2977 1080 3056 Viden-¹

36 3054 86 3122 {lum
104 3075 206 3135 tamen
230 3085 295 3152 est,
322 3067 429 3158 quale's
449 3075 647 3162 intelligendi
667 3077 741 3140 sint.

58 3194 78 3260 1)
91 3200 120 3256 cs·
135 3214 175 3273 11,
193 3217 220 3269 2·
239 3217 265 3272 3·
284 3221 326 3278 12,
345 3217 363 3273 6
381 3217 418 3278 (v.
434 3213 521 3284 iufra)
539 3220 583 3274 11.
606 3221 649 3278 13,
666 3219 693 3274 5.
728 3215 814 3268 Trea
833 3229 868 3270 et
886 3217 1080 3275 dimidius

81 3302 149 3349 anni
166 3304 195 3352 in
215 3299 369 3368 symbolica
386 3306 523 3355 aeriorum
541 3317 634 3357 vatum
653 3323 781 3360 sermone
801 3299 907 3362 breve
925 3321 1062 3379 tempo.—

81 3385 123 3434 ria
138 3393 295 3454 spatium
314 3395 450 3458 innuunt,
466 3396 570 3462 paucol
589 3414 690 3462 annos,
708 3401 745 3466 ita
764 3408 873 3451 utrem
890 3397 1013 3451 suturam
1031 3409 1062 3454 iu

81 3472 163 3528 codem
181 3481 278 3534 seculo
296 3497 346 3533 seu
364 3479 499 3536 decennio
516 3483 578 3538 lieri
596 3503 679 3554 posse
699 3487 874 3556 significetur
893 3487 929 3540 cl.
946 3489 1016 3544 Dan.
1035 3501 1061 3552 7.

81 3568 117 3620 at.
130 3575 169 3633 12,
178 3575 204 3630 7.
236 3569 338 3623 Contra
355 3573 393 3625 V.
411 3571 563 3628 Stteudel
581 3593 609 3644 p.
619 3583 673 3638 306
687 3563 752 3646 sqqi
765 3591 843 3646 putat
860 3592 916 3634 tres
936 3593 963 3634 et
980 3583 1062 3634 ‹lintri-

82 3649 146 3706 dium
169 3676 256 3712 annos
283 3678 299 3713 e
322 3667 465 3740 scriptoris
489 3679 580 3721 mente
605 3669 765 3734 plurima
790 3669 887 3724 forsan
914 3675 1062 3727 saecula

82 3737 195 3818 denotare
213 3761 299 3815 putat.
342 3752 396 3806 Sed
414 3756 470 3810 hoe
486 3761 536 3826 'per
553 3775 583 3811 se
606 3760 660 3825 jam
685 3771 762 3812 extra
784 3777 894 3813 omnem
918 3773 960 3815 est
977 3763 1062 3818 tidem

82 3837 103 3876 θῑ
124 3849 296 3908 argumento,
323 3862 380 3912 quo
404 3849 440 3899 V.
459 3845 488 3900 S.
505 3849 542 3901 V·
560 3853 674 3914 nititur,
701 3849 774 3902 haud
792 3851 927 3904 firmatur.
972 3854 1063 3920 Putat,

83 3928 145 3975 ²10⁸
167 3941 199 3982 et
223 3929 410 3986 dimidium
429 3935 507 3990 dies
526 3947 568 3998 11,
586 3946 612 3998 9.
630 3949 674 3998 11.
693 3943 819 3994 similiter
837 3947 930 4008 potius
948 3961 1062 3998 arruns

84 4013 184 4071 totidem
220 4028 344 4091 signare,
386 4030 451 4092 quia
487 4031 595 4080 incolae
629 4037 748 4084 totius
779 4043 869 4084 terrae
901 4037 972 4094 iutra
1006 4037 1062 4088 hoe
1103 4093 1108 4112 x

85 4106 177 4168 ternpus
200 4115 302 4178 gavisi·
318 4119 379 4168 esse
404 4117 541 4172 dicuutur.
588 4117 671 4190 Quod
696 4119 990 4192 aliter‘cogitaudum
1003 4146 1062 4181 esse

86 4187 145 4248 inlra
167 4203 369 4280 inomtrabitnr.
467 4209 470 4214 ’
