2622 4862
250 353 304 424 ιο
353 340 411 412 De
437 339 521 414 libri
544 338 708 436 portibus
730 308 932 434 earumque
952 357 1044 410 nexu
1063 305 1246 408 artificioso.

246 543 372 609 quaque
400 533 493 612 parte
521 524 730 611 praeponi
767 523 821 590 rel
850 521 1065 612 postponi,
1094 539 1171 584 non
1202 529 1272 606 grate

228 641 378 694 *tantum
399 627 588 696 variationis¹
609 638 721 712 causa,
751 627 927 694 sedetiam
948 613 985 692 ic
1002 645 1109 715 rerum
1128 637 1275 688 monstru-

204 733 362 810 {tlarnm
392 733 533 798 ambitus
564 732 649 798 bene
674 744 888 822 praeparetur
918 743 1067 816 totusque
1091 731 1221 818 aspectui
1243 749 1280 813 ps·

247 853 323 906 teat.
375 841 410 924 a)
444 840 779 925 Praeponuntur
806 839 899 916 varia
927 860 1007 926 quae
1035 837 1221 916 invcoelo,
1246 830 1282 895 ubi

248 957 379 1032 septem
411 945 529 1032 sigilla,
567 939 663 1008 tubae
697 952 730 1007 et
764 943 896 1030 patinae
926 957 1167 1031 praeparantur,
1203 936 1285 1000 omnia

248 1049 320 1115 fieri
342 1050 473 1138 cogites.
519 1045 634 1134 Sigillis
661 1058 693 1114 et
714 1047 780 1114 toti
804 1051 898 1138 operi
926 1047 1094 1138 splendida
1107 1027 1302 1134 praemittitur*

199 1177 205 1184 ¹
247 1155 377 1220 theatri
394 1155 499 1220 divini
532 1165 565 1218 et
592 1153 667 1218 libri
691 1176 744 1219 res
771 1151 901 1222 lutura's
934 1154 1124 1220 continentis
1147 1145 1286 1229 descriptio

151 1304 153 1316 ι
248 1263 315 1332 ι..4
334 1267 366 1332 5.
398 1258 503 1325 Tubis
520 1271 646 1348 septem
660 1259 851 1326 vindictae
841 1261 975 1364 initium
987 1253 1286 1338 nunciantibusprae

167 1439 171 1453 ,
244 1363 381 1480 ponitur
411 1373 449 1428 ut
475 1363 543 1428 irae
571 1365 701 1438 divinae
729 1366 860 1452 signum
888 1383 964 1427 arae
991 1361 1027 1427 in
1055 1361 1140 1425 coelo
1162 1347 1286 1420 fumantis

185 1543 189 1550 ⁴
247 1468 353 1556 imago.
379 1479 476 1548 8,3
458 1477 517 1540 -5.
569 1467 717 1534 Tertiam
748 1483 874 1556 partem
886 1463 1033 1534 christi
1063 1461 1220 1532 victoriam
1245 1453 1287 1518 tle-

244 1570 443 1638 scribentem
475 1570 621 1638 similiter
656 1571 878 1640 coelicolarum
912 1573 1023 1640 landes
1049 1567 1230 1658 prraecedurt
1253 1571 1287 1633 tt.

137 1687 141 1694 ’
245 1686 373 1752 15-·19
395 1686 428 1740 et
448 1687 523 1740 ante
542 1675 628 1764 ipsas
653 1689 778 1765 septem
799 1681 926 1768 patinas
949 1680 1034 1744 iram
1057 1659 1106 1740 ‹iei
1126 1663 1285 1760 plenissimis

142 1825 148 1834 ·
245 1781 422 1848 haustibus
439 1779 644 1846 effundentes
671 1780 790 1850 sortior
821 1784 919 1850 etiam
958 1781 1042 1848 fumi
1066 1775 1180 1846 iratum
1213 1772 1281 1836 deum

224 1886 406 1974 ‘cingentis
434 1879 542 1972 imago
573 1883 761 1972 depingitur
789 1897 911 1970 15,5-
894 1900 950 1962 -8.
1002 1885 1141 1970 Satisque
1168 1874 1285 1944 notabile

154 1986 156 1990 ’
243 1993 295 2072 in
316 1990 471 2076 cujusque
501 1989 603 2078 partis
627 1989 725 2055 initio
753 1991 997 2058 tonitruum
1031 2003 1064 2056 et
1088 1988 1240 2074 fulgurum
1262 1985 1310 2050 ιιι

242 2095 333 2160 dei
323 2117 389 2161 nae
416 2096 499 2182 signi
523 2096 726 2160 mentionem
753 2093 841 2181 injici
868 2107 950 2178 4,5.
981 2105 1061 2180 8,5.
1090 2101 1197 2174 11,19
1222 2053 1310 2197 (μοι

219 2204 229 2282 j
242 2200 403 2288 repetitur
433 2207 485 2280 16,
515 2212 565 2275 18.
621 2199 657 2283 b)
689 2201 789 2266 Plura
824 2201 922 2270 etiam
949 2201 1140 2291 septenariis
1173 2206 1287 2260 numeris

243 2316 616 2394 postponuntur,
629 2297 718 2425 quasi
744 2309 855 2373 scenis
893 2309 1089 2394 quibusdam
1122 2290 1288 2372 intermediis

59 2483 60 2487 ,
141 2499 143 2503 ι
183 2503 184 2510 ¹
241 2409 399 2498 quaedam
421 2425 493 2475 tum
506 2410 591 2476 ιιι
581 2411 682 2498 ipsius
710 2413 843 2479 actionis
872 2435 1087 2532 progressum
1106 2423 1177 2477 tum
1195 2394 1310 2468 adh

241 2503 361 2581 stortae
381 2513 509 2584 futurae
532 2527 640 2604 partes
661 2515 814 2601 quasdam
834 2518 971 2584 minoris
993 2543 1100 2586 mom
1092 2515 1152 2584 nti
1171 2523 1310 2576 necessa-
1309 2467 1310 2608 l

230 2615 504 2692 reinserantur.
544 2621 620 2686 Et
610 2643 648 2685 ιιι
667 2619 830 2707 prioribus
851 2621 984 2706 quidem
1006 2625 1129 2691 duabus
1146 2614 1214 2686 libri
1231 2627 1310 2697 Pal

171 2802 176 2811 ¹
237 2729 342 2813 tibur,
372 2731 449 2815 quia
472 2725 649 2813 septimum
668 2723 805 2810 sigilium
828 2735 861 2788 et
877 2728 1015 2814 septima
1035 2730 1111 2801 tuba
1130 2701 1236 2792 in'time
1253 2731 1286 2774 ιι

239 2847 371 2913 cuturae
391 2832 477 2922 parti
503 2851 635 2898 annena
664 2839 755 2912 sunt,
784 2830 905 2899 inserta
936 2833 1017 2900 haec
1049 2823 1126 2923 post
1152 2829 1289 2892 sextum

135 2959 140 2972 ·
237 2961 458 3005 numerum
485 2939 638 3022 leguntur
659 2945 754 3017 7,1
734 2943 949 3017 17.10,'-1
958 2945 1089 3021 11,13;
1123 2935 1157 3000 in
1185 2918 1290 2992 tertia

237 3051 348 3106 autem
373 3041 449 3107 libri
466 3047 561 3128 parte
590 3052 639 3106 tot
664 3049 816 3127 tantaque
836 3060 1028 3129 supererant
1055 3024 1310 3130 diligentiusd

236 3143 424 3244 scribenda,
442 3156 480 3209 ut
500 3145 581 3210 ordo
604 3147 673 3232 ejus
701 3147 808 3233 paullo
830 3147 908 3212 alius
929 3148 1092 3218 ineundus
1110 3154 1207 3226 esset,
1236 3139 1310 3236 sere,

116 3339 119 3344 Ι
235 3239 324 3334 vato
336 3265 446 3320 tamen
468 3249 583 3316 eodem
603 3249 743 3316 tictionis
763 3271 950 3342 progressu.

317 3407 595 3510 2)Quantopere
615 3417 729 3472 auctor
748 3431 904 3476 numeros
935 3403 1018 3476 illos'
1026 3421 1154 3476 sanctos
1175 3397 1294 3468 adamo,

134 3528 140 3540 ⁴
235 3531 343 3601 nova
362 3485 521 3576 mon'strat
553 3509 684 3614 numeri
725 3514 897 3599 septenarii
926 3515 1072 3602 partitio.
1124 3513 1208 3580 Nam
1234 3503 1310 3561 non

233 3595 422 3702 promiscue
449 3627 575 3735 septem
594 3600 656 3682 res
686 3630 871 3700 enumerat,
906 3618 964 3684 s'ed
982 3621 1130 3687 consulto
1151 3596 1310 3698 apricu-

234 3717 297 3782 bus
318 3728 455 3804 quatuor
476 3719 576 3807 signis
598 3740 699 3786 unam
722 3729 870 3787 teritum
878 3721 1054 3810 imaginem
1076 3706 1310 3810 complentibus

233 3833 322 3887 tres
345 3822 541 3911 posteriores
565 3849 722 3893 numeros
743 3827 901 3907 secernit3
933 3826 1019 3912 quod
1046 3829 1082 3895 in
1103 3817 1230 3912 singulis
1249 3830 1310 3876 ¹¹¹⁴*

232 3923 284 3992 fra
304 3927 344 3992 ad
364 3935 395 4013 6,
413 3933 431 4003 Ι1
448 3951 519 4017 sqq.
540 3943 571 4013 8,
590 3943 612 4004 8
633 3945 704 4021 sqq.
726 3939 817 4014 16,1
836 3953 906 4020 sqq.
928 3935 1216 4039 monstrabitur.

313 4089 348 4168 3)
381 4084 534 4176 Denique
563 4099 651 4155 totus
676 4089 815 4156 actionis
840 4110 1032 4208 progressus
1064 4091 1138 4157 satis
1166 4095 1213 4150 est
1240 4092 1294 4140 no·
1309 4077 1310 4128 l

222 4159 296 4255 'tatu
317 4186 444 4279 dignus.
494 4193 584 4260 Nem
601 4207 671 4260 tum
694 4194 837 4280 singulae
864 4193 1006 4262 visiones
1035 4195 1079 4279 (si
1097 4199 1183 4265 forte
1205 4179 1288 4252 cxci
