2576 4864
194 313 505 428 [Prooemitun.
572 357 658 450 Cap.
681 367 714 446 l,
743 319 834 438 12·
1003 369 1054 444 87
1139 321 1142 334 ¹

9 551 121 627 apparet
134 541 164 603 in
183 533 319 606 ¹coelum
338 563 413 605 euru
434 563 551 604 vocaus
571 546 645 616 4,1.
663 551 695 602 et
710 561 769 626 per
785 541 927 619 singulas
947 535 1053 602 visio·
1140 541 1143 548 ’

9 649 60 690 nes
76 647 133 689 auur
151 629 549 714 connitatursquanquam
571 647 642 687 roro
665 627 788 688 mentio
812 621 882 724 ejus
902 626 947 686 ibi
969 620 1051 720 inji-

12 716 85 788 citur,
111 723 141 774 et
171 710 308 780 landem
337 714 516 798 conspectis
542 712 691 774 omnibus
720 732 800 797 quae
827 710 1052 795 conspicienda

9 809 89 872 erant,
107 797 190 860 solus
212 819 295 862 eum
313 797 448 862 dimittit
468 808 520 873 925
540 803 643 872 6·17;
663 807 798 882 possunt
818 807 925 858 tamen
944 806 977 858 et
991 797 1062 880 alii,

9 883 160 966 interpretis
195 904 338 950 munere
374 883 508 946 subinde
534 877 645 962 fungi,
678 883 840 966 imprimis
870 903 977 946 rerum
996 901 1050 942 re-

9 966 302 1052 praesentandam,
325 991 400 1056 quas
421 970 485 1054 ipsi
505 979 636 1048 gerunt,
654 967 857 1046 guar-issinri3
877 977 909 1029 et
924 967 961 1026 hi
975 967 1050 1052 qui-

10 1051 71 1113 dern
86 1053 136 1114 suis
152 1057 349 1118 muneribus
375 1066 407 1118 et
424 1055 613 1116 nominibus
632 1041 871 1132 distinguuntur
890 1062 926 1112 ut
947 1059 997 1128 17,
1020 1063 1049 1122 1.

14 1147 52 1210 ll,
66 1147 101 1212 9.,
120 1139 210 1202 illius
231 1163 358 1204 nornen
388 1141 423 1203 in
444 1139 731 1211 visionomserie,
763 1137 1050 1222 utpoteahinitio

14 1223 72 1294 ¹1⁰5,
88 1225 231 1287 reticetur
252 1223 311 1312 (cs.
330 1223 415 1311 λέγει
432 1235 481 1301 19,
499 1235 531 1298 9·
553 1235 604 1299 21,
618 1233 649 1292 5·
669 1223 742 1288 εἶπε
754 1233 806 1298 22,
819 1231 850 1292 6.
892 1223 1051 1284 Similiter

11 1305 156 1370 inlluochi
177 1312 290 1388 libro,
311 1328 490 1398 quanquam
509 1309 618 1394 plures
638 1309 744 1387 angeli
758 1306 896 1371 subinde
914 1305 1048 1370 Enocho

8 1393 123 1456 coelestia
133 1407 339 1472 monstrant,
358 1415 439 1457 unus
457 1406 563 1457 tanuen
576 1393 667 1455 Uriel
680 1391 818 1478 phirima
841 1391 989 1454 ostendit.
1007 1425 1049 1438 -

8 1473 71 1546 llt.
86 1477 314 1566 Interpretatio
332 1481 494 1565 imprimis
507 1481 544 1543 in
557 1479 721 1543 vocabulis
739 1477 907 1564 μαρτυρία
917 1475 1050 1566 χριστοῦ

8 1561 52 1622 rite
75 1566 275 1650 explicandis
305 1570 464 1630 uertitur:
496 1585 577 1652 quae
604 1586 676 1628 cum
706 1585 748 1646 ex
773 1585 830 1626 usu
852 1560 1050 1648 Apocalypsi

8 1667 109 1730 prorsus
126 1653 291 1732 singulari
311 1655 438 1722 firmam
457 1649 496 1716 de
510 1650 655 1712 doctrina
673 1649 847 1710 christiana
864 1653 1050 1734 persuasio-

8 1749 63 1794 nen
67 1731 205 1818 publica
209 1733 434 1824 professione
448 1747 480 1798 et
490 1730 582 1797 seclis
594 1735 798 1820 conspicuam
808 1733 938 1796 denotet
960 1733 974 1807 (
979 1744 1005 1806 1,
1017 1741 1050 1804 9·
1132 1773 1134 1780 ·

8 1821 205 1895 t‚9.12,11·.
232 1833 286 1894 17.
310 1832 360 1898 19,
383 1834 434 1892 10.
454 1832 508 1898 20,
528 1825 560 1890 4.
593 1835 776 1906 μαρτυρεῖν
803 1843 881 1886 τινα
910 1813 1049 1904 publice

12 1925 134 2012 profiteri
163 1933 352 1998 doctrinam
385 1928 541 2032 alicujus,
575 1929 643 1996 fere
664 1943 700 1994 ut
723 1925 918 2018 ὁμολογεῖν,
949 1923 1048 2038 2301!
1126 1967 1136 1986 ι

18 2035 46 2100 cl.
64 2045 210 2130 inprimis
233 2043 379 2112 Arabum
400 2059 459 2112 etc.
492 2057 532 2126 At
560 2066 582 2124 x
613 2058 654 2150 ὁὶ
678 2057 763 2144 0431
785 2053 902 2121 rector,
922 2044 1050 2131 publice
1101 2086 1105 2100 .

17 2221 88 2269 curan
104 2189 242 2274 testihirs
262 2211 436 2298 profiteor,
468 2202 611 2280 unicum
632 2223 703 2268 esse
723 2200 826 2266 deum
845 2201 930 2288 unde
956 2163 1050 2280 {ab}
1087 2189 1093 2198 ⁴

14 2381 107 2446 μορυς
116 2367 280 2436 Pocoonrr
291 2390 374 2456 spec.
387 2359 473 2430 nh,
519 2363 631 2445 .180.)
650 2383 760 2427 sensus
781 2381 849 2424 esse
864 2359 972 2424 debet:
994 2359 1050 2450 qui

9 2446 170 2531 prtp‘esssus
192 2465 250 2520 est
272 2452 467 2517 doctrinam
486 2387 544 2534 clei
563 2457 597 2512 et
618 2445 787 2512 christum
809 2448 876 2522 (ita
893 2447 990 2533 λογος
1009 2451 1048 2514 θ.

14 2551 159 2622 congruae.
174 2567 204 2632 χ.
223 2533 430 2636 cunjungitur
448 2536 563 2597 insola
576 2527 776 2620 Apocalypsi
796 2527 839 2593 cs.
864 2543 893 2607 1,
913 2542 945 2606 9.
965 2538 996 2607 6,
1017 2541 1049 2605 9.
1158 2528 1162 2538 ’

16 2623 49 2690 lli
63 2625 87 2689 l·
106 2647 170 2710 [quo
197 2625 324 2689 Christi
349 2622 484 2686 asseclae
503 2642 521 2682 a
541 2619 670 2682 Judaeis
690 2617 957 2698 distinguantur),
993 2617 1050 2702 qui

16 2703 169 2783 religionem
192 2711 403 2775 christianam
420 2707 546 2793 publice
568 2703 715 2766 confiteri
736 2714 769 2764 et
780 2703 864 2767 ltreri
885 2723 953 2765 non
974 2723 1050 2764 eru-

20 2783 76 2860 inin
97 2795 181 2880 quod
217 2799 307 2860 enim
335 2807 409 2858 ante
430 2794 539 2856 omnia
558 2791 599 2852 in
615 2791 699 2851 libro
719 2789 783 2863 hoc
801 2785 1049 2866 corruoendatur‚

25 2872 210 2968 quodcuique
235 2883 410 2943 christiano
438 2877 652 2965 praecipitur,
679 2885 714 2934 ut
742 2894 783 2941 ne
805 2871 928 2942 Christi
958 2873 1050 2954 signa

22 2958 180 3047 relinquant,
200 2967 289 3030 idem
303 2988 321 3028 a
335 2959 374 3028 se'
389 2985 458 3030 non
476 2963 657 3042 neglectum
677 2963 816 3020 testatur'
829 2959 984 3043 scriptur3
1006 2953 1048 3020 cf.

18 3037 143 3127 inprimis
163 3075 198 3115 v.
210 3063 250 3126 ,9.
303 3049 396 3134 Quae
420 3047 448 3110 si
469 3069 545 3110 vere
565 3047 611 3108 ita
631 3043 841 3123 intelligenda
866 3055 959 3120 sunt,
988 3041 1049 3106 Jo-

17 3121 105 3196 lttunes
130 3139 235 3220 igitur
263 3137 318 3199 hic
333 3125 537 3220 'simpliciter
557 3153 591 3206 se
611 3131 761 3192 asseclam
782 3141 961 3204 strenuum,
980 3151 1050 3192 non

17 3205 143 3284 doctorem
173 3223 338 3287 doctrinae
372 3221 563 3284 christianae
595 3217 760 3291 nominat,
795 3215 959 3300 sequentia
986 3208 1049 3279 ὅσα

17 3293 89 3382 aidau,
118 3330 198 3394 quae
220 3310 320 3389 vulgo
343 3305 383 3368 ad
404 3305 569 3368 doctorem
590 3295 724 3387 eumque
743 3311 857 3364 testem
878 3297 952 3361 Jesu
970 3321 1049 3365 ocur

17 3373 87 3450 laun
102 3390 258 3472 referunt,
285 3396 321 3455 ab
344 3393 407 3454 hoc
429 3411 515 3452 nexu
535 3407 667 3473 prorsus
687 3388 791 3448 aliena
812 3395 903 3462 sunt,
935 3385 1049 3465 legem

16 3461 119 3560 dunque
145 3503 218 3544 cum
239 3469 388 3566 plurimis
409 3473 499 3554 codd.
521 3485 553 3536 et
574 3493 674 3534 verss.
694 3467 756 3537 ὅσοι
785 3494 843 3549 τε,
882 3481 918 3532 ut
944 3474 1049 3556 ἐμαρ-

20 3544 104 3640 ῖῦρησε
122 3583 214 3629 sensu
237 3588 280 3628 ex
299 3577 408 3632 nostro
430 3579 576 3623 sermone
599 3557 709 3644 paullo
733 3557 901 3621 iruroutato
924 3553 1049 3618 adhoc

22 3641 86 3707 etiarn
104 3647 273 3714 referatur:
303 3645 364 3734 qui
382 3641 564 3732 professus
586 3651 638 3704 est
657 3637 863 3726 religionem
883 3637 1051 3704 christia·
1145 3654 1150 3658 ·

22 3739 74 3788 ttun
92 3740 122 3792 et
147 3736 472 3817 (declaravithuoe
493 3725 601 3804 vidit,
620 3727 773 3802 ¹visiones
802 3721 843 3788 cf.
863 3716 997 3812 γράψον
1027 3719 1062 3806 ii¹

19 3804 75 3884 ‘lits
94 3827 119 3892 1,
140 3833 190 3896 19.
230 3816 426 3884 Αἰιοτεΐίειο
446 3813 542 3877 lectio
563 3810 724 3897 quomodo
746 3833 788 3873 ex
808 3807 888 3873 falsa
907 3808 1051 3894 deapo-x

18 3891 78 3958 uolo
100 3901 258 3985 iohanne,
284 3903 358 3968 Jesu
380 3912 476 3977 teste,
499 3896 657 3983 opinione
678 3897 757 3958 oriri
780 3897 933 3982 potuerit,
954 3889 1049 3956 sacile

19 3991 129 4064 tpparet.
174 3992 261 4072 Non-
275 4009 358 4072 nego
382 3988 460 4050 alibi
481 4003 606 4068 seraper
633 3977 697 4061 (cf.
720 3993 828 4046 tamen
845 3990 901 4058 91,
923 3989 974 4050 12.
995 3998 1049 4041 se-

69 4164 145 4222 P=360
156 4182 214 4236 sqq.
232 4173 381 4230 utrumque
398 4159 528 4228 angelum
545 4154 665 4208 eundem
683 4152 785 4220 luisse,
802 4162 897 4206 contra
915 4147 1050 4205 iohannis

70 4241 165 4292 'tntum
183 4237 370 4292 demonstrare
388 4232 510 4286 soluisse
528 4225 646 4310 uidetur.
