2576 4864
208 303 234 374 ·I.
259 295 502 388 Prooemium.
564 303 650 395 Cap.
672 315 709 392 9,
724 307 769 384 .6.
958 321 1032 414 113

14 513 55 552 nn
77 486 199 552 ecclesias
223 483 321 550 Asiae
335 555 336 562 χ
350 487 489 550 minoris
520 489 704 566 turbabant,
736 488 965 555 scortationem
995 506 1029 556 et
1102 545 1110 556 .

16 575 80 637 arnis
103 575 285 637 sacrificialis
315 594 406 636 esum
435 575 675 638 commodasse
706 594 748 638 ex
778 595 811 640 r.
833 580 885 646 14·
904 589 1026 650 15:20.

14 671 107 746 ipporen
132 673 213 723 certe
235 661 316 722 vitia
336 659 416 722 haec
435 663 567 746 proprie
586 659 798 739 irrbsiligenda
819 681 897 728 essa.
910 662 1026 728 admo-

14 745 55 805 lon
68 749 210 830 probabile
231 759 300 820 est,
323 746 395 807 sive
417 767 486 808 rem
508 749 578 810 sive
600 747 710 808 locum
729 760 864 831 spectes.
912 745 1026 812 Abro-

14 833 57 892 atis
73 833 141 894 enin
161 833 196 896 in
216 831 392 912 gentilium
414 831 551 911 gratiam
565 833 690 911 legibus
702 833 853 895 mosaicis
866 825 1024 919 Apostoli

28 938 95 978 carne
120 919 230 980 saltem
263 919 411 979 sacrifica.¹
430 917 554 990 edenda
597 918 784 982 christianis
823 920 1022 986 interdixere

14 1005 56 1060 lot.
75 1009 107 1078 15,
120 1013 169 1076 29.
200 1014 255 1080 21,
278 1013 331 1074 25.
365 1003 425 1064 hac
453 1001 538 1064 hand
567 1001 662 1065 dubie
683 1005 898 1080 moticausa,
935 1007 1021 1092 quod

14 1087 80 1168 epulas
91 1090 247 1166 gentilium
270 1109 373 1150 sacras
388 1089 490 1149 cultui
506 1088 646 1162 ,deorum
667 1089 790 1151 incesto
798 1100 809 1162 3
829 1096 1040 1170 scortationi·
1107 1141 1114 1155 s

14 1171 96 1255 aliisque
112 1176 236 1259 spurcis'
259 1175 405 1236 moribus
426 1169 537 1236 sav'ere
550 1175 637 1236 'bene
658 1175 814 1252 sciebant,
836 1176 1022 1246 sicut'olirn
1051 1211 1058 1226 ¹
1109 1191 1111 1202 '

14 1251 86 1320 lilean
106 1258 263 1322 israelitas
289 1259 329 1320 ad
350 1259 461 1346 epulas
486 1279 588 1321 sacras
611 1260 767 1321 invitatos
790 1261 830 1323 ad
850 1262 1021 1326 scortatio-⁸

14 1361 50 1401 ren
70 1350 171 1432 quoque
197 1345 356 1430 perduxit
388 1345 483 1406 Num.
502 1353 553 1419 25,
578 1358 594 1415 1
614 1365 683 1430 sqq.
736 1341 783 1406 At
810 1359 934 1411 mature
953 1347 1020 1446 jam

14 1427 132 1493 obliliores
152 1431 311 1518 quosdam
336 1431 422 1492 inter
449 1431 586 1510 gentiles
613 1431 809 1492 christianos
834 1434 1020 1502 mandatum

14 1533 50 1586 or,
66 1516 132 1599 (laod
148 1518 218 1580 illis
239 1517 356 1580 sallem
371 1517 570 1600 temporibus
592 1516 803 1580 utilissimum
822 1515 904 1594 fuit,
928 1523 1020 1586 salva

14 1595 110 1675 tligiona
138 1604 316 1664 christiana
345 1603 477 1682 migrari
501 1623 599 1686 posse
625 1603 776 1664 statuisse
799 1601 964 1676 ex1Cor.
986 1620 1018 1685 8,

15 1697 246 1767 sqq-1Q27—30.
268 1697 411 1772 apparet.
455 1683 546 1770 Quid
567 1708 662 1767 ergo,
685 1688 714 1748 si
732 1688 865 1751 liberius
887 1692 1017 1777 quidam

14 1773 137 1849 satiantes,
156 1776 225 1860 ipsi
248 1767 361 1835 forsan
382 1793 403 1852 e
414 1769 564 1834 Corinthi
582 1774 713 1836 ecclesia
726 1777 863 1854 egressi,
885 1778 921 1838 in
934 1775 1016 1840 Asia
1111 1813 1115 1820 ·

14 1859 166 1920 reconsolari
183 1861 294 1928 ,carnis
315 1859 474 1920 sacrificae
492 1879 582 1920 esum
603 1870 637 1920 et
652 1860 818 1944 epularum
830 1857 866 1923 iri
882 1864 1015 1948 templis

14 1931 88 2002 lsorrn
100 1947 283 2008 societatem
302 1945 426 2006 licitam
445 1965 515 2006 esse
539 1944 735 2007 docuerunt?
756 1943 851 2028 Quos
863 1947 1016 2012 hornines

14 2037 53 2084 >un
68 2023 155 2092 ludaei
183 2044 217 2094 et
246 2032 346 2092 ceteri
360 2027 543 2106 'Christiani
561 2027 716 2092 Brnrnnr
736 2043 904 2117 praecepta
923 2037 1016 2119 sequi
1091 2067 1094 2086 ι

14 2113 106 2175 consina
124 2138 214 2179 causa
236 2111 411 2212 jactarent,
434 2115 574 2194 inditum
597 2117 640 2176 iis
665 2115 794 2178 'videtur
813 2139 933 2182 nomen
954 2119 1016 2182 Bi-

14 2189 112 2275 bulus,
130 2204 214 2287 qood
226 2223 308 2262 mox
328 2201 364 2262 in
375 2222 533 2280 agraecurn
544 2201 748 2267 Νικολαιταί
757 2204 914 2279 'transiit3
935 2209 1018 2272 satis·

14 2277 192 2366 morotum,
226 2286 422 2348 ludaeorum
449 2288 583 2350 nomina
610 2287 647 2348 in
669 2284 798 2348 Graecis
826 2291 1014 2369 regionibns
1096 2308 1101 2316 “

14 2365 130 2446 sepissime
149 2375 186 2437 in
205 2393 318 2454 graeca
337 2392 492 2434 conversa
513 2393 598 2447 esse,
620 2381 657 2432 ut
677 2364 796 2460 dooadc
815 2395 859 2436 ex
879 2371 1015 2462 ’ταβιθά

14 2453 46 2526 bt.
59 2481 80 2548 9,
95 2483 140 2546 35,
193 2479 323 2541 Nomen
350 2463 456 2540 {tutem
486 2453 585 2565 0²35?-
613 2477 753 2540 seriores
778 2476 893 2543 Judaai
923 2485 1016 2547 vario

14 2587 46 2630 ltu
58 2579 96 2639 tel
109 2603 126 2645 a
137 2586 182 2638 ὒν
192 2560 267 2654 5³22
285 2579 445 2643 dominus
454 2580 774 2668 (tyrannus)populi,
784 2585 866 2646 vela
880 2587 927 2675 ng
940 2563 1016 2664 »ἒν-ἶ

14 2647 132 2744 absorpsit,
160 2650 325 2752 iterdidit
345 2663 517 2750 populum
544 2667 600 2728 rel
620 2667 685 2728 alio
706 2669 804 2730 modo
827 2668 1016 2732 derivavere

14 2738 100 2836 iim·
118 2753 182 2813 lex.
203 2751 296 2814 talm.
320 2773 353 2834 p.
364 2756 437 2820 314.
459 2749 543 2812 unde
565 2747 659 2814 facile
681 2755 716 2814 in
737 2746 883 2833 graecum
905 2755 1018 2820 Νικο-

14 2836 179 2898 tubanensia.
220 2835 328 2922 thue
348 2834 513 2898 lohannes
534 2839 641 2899 verbis
659 2839 858 2922 κρατοῦντες
880 2831 945 2922 vaje
964 2839 1016 2904 ‹b-

14 2899 210 3007 dlllssedudflh
231 2943 264 2984 v.
281 2926 331 2992 14'.
361 2923 432 3006 ipse
463 2924 550 2995 riam
577 2921 817 3008 'interpretandi
845 2931 1015 3002 monstrat,

15 2995 242 3071 bl'iotaitarum
262 3009 383 3070 nomen
404 3019 473 3068 tum
496 3011 652 3093 temporis
677 3011 714 3071 in
734 3004 817 3071 Asia
841 3011 1015 3096 peruulga-

14 3080 132 3154 noluisse
153 3115 195 3159 ex
216 3095 289 3178 ipso
310 3093 469 3156 sermonis
489 3104 603 3155 tenore
624 3097 764 3179 apparet.
805 3093 887 3156 Mox
907 3107 1015 3160 tamen

14 3175 51 3256 sia
64 3172 128 3239 haec
148 3178 325 3266 (siquidem
346 3175 522 3240 Christiani
543 3179 674 3264 quidam
694 3201 755 3242 una
776 3179 867 3244 inre
888 3201 906 3241 a
927 3194 1016 3244 cete-

14 3255 218 3340 litbhonrentes
240 3265 304 3325 hoc
324 3265 457 3326 nomine
475 3264 567 3344 digni
588 3262 676 3349 sunt)
698 3268 1015 3351 prorsus'exstincta

14 3328 96 3420 delur,
124 3363 159 3412 ut
179 3350 288 3414 seculo
312 3342 377 3445 jam
397 3349 537 3412 secundo
558 3345 679 3414 frustra
707 3352 817 3424 i'atras
840 3350 1018 3416 Nicolaita-

14 3431 41 3482 in
55 3447 155 3500 nornen
176 3435 395 3526 quaesiverint
416 3431 466 3521 ¹).

26 3637 104 3709 limate
125 3663 214 3717 multi'
227 3666 394 3732 interpretes
417 3661 569 3716 haereticos
595 3663 650 3716 hos
676 3654 790 3716 eosdem
817 3679 880 3716 esse
904 3659 1019 3713 credunt

14 3781 15 3786 ,
43 3733 92 3784 quos
107 3745 194 3787 contra
211 3735 354 3804 disputant
367 3733 384 3788 J
387 3735 455 3788 udae
473 3737 591 3802 epistola
607 3747 635 3788 et
653 3735 752 3794 2Petr·
763 3739 895 3800 2,,13-15.
922 3729 1020 3800 Quen,-

43 3804 104 3854 turri
123 3810 194 3859 enini
218 3817 244 3860 et
263 3807 294 3858 hi
318 3806 507 3874 impudicitiae
527 3821 557 3858 sc
574 3807 723 3871 dederent,
746 3819 774 3858 at
790 3808 960 3874 principium
977 3814 1030 3863 ιω,

41 3873 88 3918 ¹¹¹t11
109 3889 128 3924 a
144 3893 199 3944 quo
223 3883 330 3946 egressi
354 3889 445 3935 erent.
461 3879 555 3946 ‚longe
572 3878 628 3930 luit
646 3877 795 3930 diversum.
849 3873 1018 3928 Dubitarunt

43 3940 99 3990 ‘lim
121 3962 155 3998 sn·
171 3949 275 4002 Christi
292 3948 398 4006 reditus
417 3949 568 4016 sperandus
579 3955 622 4001 'sit
639 3961 666 4000 et
682 3949 762 4010 hinc,
788 3959 896 4002 remote
915 3959 1018 4010 ροειιε·

14 4065 16 4076 ,
44 4017 90 4062 rum
107 4029 191 4086 ructu,
213 4026 247 4078 sin
266 4029 378 4082 emnem
395 4022 536 4074 licentiam
554 4017 776 4086 effundebantur.

14 4127 16 4178 ¹
