2546 4868
257 363 340 444 nes
410 351 453 422 Π.
473 349 650 437 Visiones
666 311 749 434 'ut'
767 366 801 435 2.
827 355 871 438 04
890 367 925 440 s·
945 357 1040 452 ,Cup
1057 372 1166 450 ent
1260 363 1262 446 ζ

253 537 348 603 Febr.
368 535 439 600 c'od.
484 559 511 600 s.
532 535 578 600 V.
587 535 628 599 Τ.
648 559 685 622 Ρ.
696 547 749 610 38.
758 523 866 616 1079.
897 537 1036 604 Corrodi
1054 539 1231 608 Geschidrtrl

171 659 178 674 ι
254 622 451 687 Chiliasrnus
502 669 510 685 .
528 641 558 694 1.
569 633 602 694 2.
625 632 719 694 1781.
740 625 811 710 (qui
831 636 939 690 tamen
958 628 1040 708 liber
1061 631 1159 712 animi
1173 633 1236 692 aulis

253 712 300 772 ris
322 724 355 772 et
375 721 555 772 commenta
566 711 701 856 poetica
723 730 858 796 spesque
879 717 992 792 gesseri
1019 715 1158 777 humano
1180 729 1239 776 autre

253 797 405 859 cesseritis
431 807 485 856 aut
504 809 564 856 c'on
588 795 727 857 onandas
749 797 834 858 male
857 807 889 860 et
907 799 1019 884 iuiqu'e
1039 803 1235 862 aestumandis

253 882 337 944 dicia
367 878 431 942 fert
461 875 585 962 gravia)
610 877 660 963 ¹).
721 876 829 962 Quam
859 882 1057 968 quidemde
1079 887 1229 948 milliaritlr

174 1011 177 1024 .
253 969 445 1053 opinionem
466 987 523 1052 spe
543 977 575 1028 et
600 966 688 1034 votis
708 977 893 1052 conceptam
915 981 1005 1032 vates
1027 970 1074 1032 sie
1097 971 1136 1034 ad
1150 971 1231 1034 reuol-

179 1111 180 1116 ,
252 1057 390 1116 stianam
417 1047 579 1117 transfert·
632 1051 684 1113 Pii
711 1073 822 1114 omnes
852 1057 943 1129 (nam
964 1077 998 1124 γ.
1018 1060 1051 1125 4.
1083 1057 1173 1142 impii
1189 1069 1238 1116 inu

252 1137 480 1218 excluduntur)
502 1137 641 1224 irnperio
659 1139 830 1216 gentilium
841 1135 1117 1224 Rotnanodeleto
1133 1143 1242 1226 nonqut

214 1262 220 1280 ι
251 1237 378 1287 tanturn
409 1225 524 1286 vivent
555 1243 718 1308 regnoque
734 1227 737 1242 ¹
753 1235 925 1301 terrorum,
962 1249 1028 1313 quo
1066 1229 1189 1307 gentiles
1209 1224 1245 1286 ali

252 1321 350 1385 sunt„
380 1309 578 1389 gaudebunt,
613 1308 669 1370 sed
698 1309 855 1389 singulari
882 1313 981 1374 etiem
1001 1311 1138 1376 Messias
1156 1307 1247 1397 praesul

251 1397 387 1462 nurnine
405 1406 447 1478 ¹et
467 1395 567 1456 tutela
589 1395 775 1479 superbient
796 1387 904 1480 (pessel
926 1396 988 1464 τοῦ
1009 1400 1141 1484 χριστοῦ
1160 1393 1244 1472 nili

253 1479 446 1566 Omnesque
473 1481 606 1542 omnino
633 1481 683 1565 pii
710 1483 863 1543 societate
890 1482 952 1544 heo
984 1471 1076 1545 beata
1098 1477 1187 1580 juncti
1201 1489 1242 1547 ert

250 1568 298 1629 ita
325 1579 362 1628 ut
388 1576 561 1645 martyres,
593 1587 729 1650 quorum
756 1567 932 1630 maximam
952 1570 1083 1651 copiam
1102 1590 1119 1631 e
1137 1581 1243 1652 tempus

249 1653 384 1714 illorum
412 1652 545 1730 ingenio
576 1663 762 1736 exspectare
790 1653 885 1729 licet,
927 1656 1113 1742 mortuique
1139 1653 1248 1717 resonis

249 1737 512 1822 immortalesque
532 1732 609 1798 facti
632 1737 664 1812 ²)
684 1759 743 1799 nec
764 1739 907 1824 amplius·
923 1742 1071 1824 praemio
1090 1741 1147 1802 hoc
1162 1731 1262 1824 prinrl'¹

249 1823 411 1908 cogitandi
438 1827 514 1884 sint.
565 1818 666 1908 quue
688 1845 706 1885 e
728 1823 1068 1909 potissimispioruur
1088 1826 1245 1911 praeminet

250 1909 337 1996 quod
358 1909 434 1970 dum
454 1907 552 1994 impii
572 1923 675 1970 morte
692 1910 811 1994 sepulti
830 1903 952 2006 jacent,
973 1911 1041 1994 ipsi
1062 1905 1125 2007 jam
1143 1902 1246 1998 ursiuli

247 1997 334 2059 cium
359 1994 512 2056 ultimum
538 1993 713 2080 mundique
740 1996 838 2058 finem
868 2003 901 2057 et
920 1997 1008 2057 vitae
1030 1991 1246 2082 gaudioplrusrtr

247 2093 282 2146 et
301 2083 519 2166 praemiorum
538 2080 624 2141 vitae
644 2078 764 2142 mundo
787 2091 943 2143 renovato
965 2069 1162 2146 beatissirnae
1178 2093 1246 2142 seror

246 2175 462 2254 praegustent.
524 2163 622 2227 Sedes
650 2165 782 2249 imperii
808 2164 1038 2246 Hierosolyma
1072 2171 1132 2230 erit
1154 2187 1180 2228 r.
1193 2173 1214 2235 9.
1228 2167 1243 2218 ut

270 2256 425 2338 rophetae
450 2259 576 2312 veteres
606 2248 708 2326 Sioue
736 2252 817 2313 olim
843 2252 953 2331 legum
982 2252 1163 2315 divinarum
1181 2248 1242 2310 culus

244 2275 364 2401 lineium
394 2338 639 2421 beatitatemque
666 2336 828 2398 infinitam
855 2332 927 2400 fore
948 2339 1088 2400 ominati
1108 2347 1191 2406 eraut
1209 2349 1241 2390 et·

1260 1495 1262 1506 t

245 2437 376 2512 tumque
398 2425 495 2486 etiam
511 2433 569 2496 est,
590 2421 675 2482 vatis
685 2423 785 2485 ruenti
806 2423 958 2484 ecclesiae
974 2421 1026 2486 dei
1040 2427 1111 2510 piis
1121 2419 1238 2485 resuscito

245 2511 389 2573 interra
414 2520 521 2570 sancta
543 2508 707 2587 regnantis
723 2508 962 2587 irnaginem'ab
989 2507 1047 2572 Ez.
1067 2501 1232 2581 37-39.rlrt1·

243 2599 365 2659 bratarn
396 2593 572 2676 obyerssri.
606 2635 610 2642 ·
635 2591 744 2680 Neque
780 2597 910 2677 piorum
942 2615 1079 2674 reguum
1113 2597 1227 2656 honus

244 2683 377 2748 omnino
407 2693 509 2756 terrae
543 2677 692 2757 regiones
720 2678 961 2762 complectitur,
994 2681 1051 2742 sed
1077 2675 1142 2744 fere
1162 2679 1229 2759 erit·

241 2779 328 2844 tum,
364 2763 403 2828 ad
423 2785 500 2852 quas
522 2764 600 2826 libri
619 2761 716 2858 hujus
738 2765 852 2848 scripti
873 2775 1020 2849 tempore
1042 2767 1156 2846 religio
1172 2755 1238 2820 tlt'ttl‘·
1259 2793 1260 2806 κ

241 2876 301 2918 ana
321 2863 498 2940 propagata
518 2861 603 2928 erat,
631 2848 771 2913 Romani
792 2851 891 2930 igitur
912 2851 1044 2937 imperii
1069 2846 1164 2938 (orbis
1182 2851 1240 2905 tert·

277 3014 308 3086 1)
327 3015 462 3070 mundum
478 3019 560 3070 certis
574 3014 697 3080 periodis
713 3031 762 3067 seu
771 3012 863 3081 Kalpe
875 3013 1002 3080 iudicari.
1015 3014 1121 3069 destrui
1137 3024 1159 3066 et
1171 2995 1259 3086 reuor'rt'ti

313 3098 437 3142 statuunt
453 3087 523 3138 Indi.
565 3085 630 3138 Pios
651 3089 729 3154 prius
745 3103 829 3153 quatu
845 3089 953 3151 impios
973 3085 1165 3140 resuscitandos
1177 3073 1259 3158 itftlffit

313 3165 406 3211 ornari
423 3161 553 3226 praemiis
570 3156 637 3206 dum
650 3161 736 3222 turpii
754 3169 843 3210 ruorte
860 3155 977 3224 ignobili
997 3161 1101 3224 sepulti
1118 3161 1170 3214 siut,
1182 3149 1259 3224 prrutt}

311 3229 429 3283 finxisse
447 3229 556 3280 videtur
573 3245 609 3279 ex
626 3226 785 3279 notionibus
803 3233 919 3294 persicis
939 3227 995 3296 (of.
1012 3227 1192 3283 Zeud-Arertr
1207 3211 1245 3264 lli

313 3317 342 3368 p.
357 3310 417 3361 111.
435 3309 498 3360 11⁴2.
510 3298 560 3351 ed.
581 3301 681 3367 gerni.)
705 3300 777 3357 Dan.
794 3307 839 3362 12,
854 3307 881 3358 2.
900 3306 925 3360 3.
949 3305 999 3366 qui
1016 3311 1109 3356 tamen
1126 3295 1182 3351 mille
1193 3291 1243 3362 aruo
1256 3356 1259 3364 „

314 3389 372 3424 nou
395 3371 493 3431 habet3
521 3387 585 3423 uam
610 3371 658 3422 Ez.
675 3376 718 3432 37,
738 3375 837 3430 1-28.
861 3371 977 3435 Jes.26‚
996 3376 1101 3433 18.19.
1124 3363 1181 3420 haud
1197 3350 1258 3428 (inlr¹

314 3442 442 3512 imagines
459 3454 566 3506 tanturn
585 3440 618 3494 de
637 3441 742 3507 populo
760 3445 907 3505 universo,
930 3443 1019 3510 qualis
1038 3447 1182 3511 priorarat,
1201 3435 1242 3500 qus

315 3530 352 3566 ert
370 3513 469 3566 inseris
486 3511 651 3588 reducendo!
661 3502 688 3564 lt
700 3513 877 3570 restituendo
896 3511 1058 3581 finguntur,
1081 3519 1204 3581 quanqutlu
1215 3496 1241 3546 ¹⁰⁶¹
1255 3563 1258 3572 ,¹

309 3585 341 3636 hi
359 3589 476 3637 seriores
495 3596 569 3660 vates
588 3584 622 3636 ad
640 3596 795 3636 commenta
814 3601 864 3636 sua
881 3583 996 3640 durdsse
1014 3586 1145 3639 videntur.
1255 3607 1258 3643 1

275 3675 306 3745 2)
330 3680 430 3750 ¹quaeri
453 3675 499 3728 hic
526 3680 630 3742 possit,
662 3694 695 3728 au
723 3681 799 3728 vates
822 3681 885 3743 pios
906 3682 986 3746 regui
1003 3677 1086 3744 hujus
1104 3669 1149 3725 sub
1164 3661 1239 3738 asspirat
1255 3671 1258 3746 J

311 3753 433 3799 viventes
459 3749 517 3814 etus
548 3747 649 3814 gaudio
674 3750 758 3799 simul
786 3746 858 3810 frui,
889 3759 917 3798 et
943 3748 1083 3814 qrromodo
1107 3745 1157 3794 lroe
1174 3731 1257 3804 pusstlp

310 3821 459 3887 cogitarit?
487 3817 540 3869 Sed
569 3822 593 3869 si
620 3817 654 3868 de
680 3817 745 3868 satis
763 3817 911 3869 homiuum
929 3817 1031 3870 suturis
1050 3831 1134 3870 serrno
1150 3820 1192 3867 ests
1211 3807 1237 3846 ¹¹³¹

309 3905 407 3959 parunt
435 3889 469 3942 de
491 3887 652 3940 homiuibus
671 3887 722 3942 sub
740 3889 846 3940 ordinis
869 3893 936 3940 novi
952 3893 1064 3941 mittunt
1081 3879 1204 3938 viventibus

121 3993 124 4002 ¹
216 3960 220 3978 ¹
309 3969 430 4030 giratur,
445 3970 487 4012 .et
509 3971 653 4026 tantopere
682 3977 743 4028 spes
770 3965 799 4012 iu
828 3959 939 4013 mortuis
967 3971 1085 4023 tantum,
1109 3957 1163 4024 quia
1182 3943 1228 3997 hur

306 4034 392 4100 louge
410 4035 530 4084 inanima
552 4043 595 4082 est
619 4036 714 4096 copia,
743 4031 899 4087 detinetur,
928 4040 961 4082 ut
978 4043 1066 4084 vatent
1083 4027 1112 4078 de
1127 4025 1163 4075 his
1178 4015 1228 4068 tattl

306 4105 385 4178 loqui
403 4103 477 4156 haud
495 4107 532 4156 sit
548 4106 661 4154 mirum.
698 4101 832 4154 Similiter
851 4107 935 4155 ceteri
949 4103 985 4155 Ν.
994 4103 1027 4154 Τ.
1045 4104 1173 4167 scriptores
1186 4087 1230 4150 (lm

306 4187 348 4226 ter
366 4173 484 4227 Paulum
501 4179 532 4228 iu
550 4190 614 4244 epp.
632 4173 665 4226 ad
682 4173 829 4241 Thessal)
847 4189 956 4242 semper
974 4173 1033 4228 sere
1050 4165 1192 4226 demortuis

303 4246 466 4314 loquuutur.
892 4275 894 4282 .
