2622 4862
247 864 979 1040 enarrarrn'j

134 1084 300 1158 Calvinus
344 1079 447 1176 sapit
491 1077 592 1172 quod
633 1075 675 1145 in
715 1075 980 1176 Apocalypsin
1025 1106 1102 1156 non

49 1189 189 1283 scripsit,
215 1187 365 1255 effatum
395 1191 450 1250 est
476 1179 649 1296 scaligeri
666 1178 818 1250 celebre.
869 1181 1010 1272 Quc'
981 1207 1012 1254 sa
1032 1203 1101 1278 ego

40 1291 123 1360 laud
148 1285 340 1361 deterritas
367 1279 672 1354 commentarium
696 1304 835 1357 norum
866 1282 953 1354 libri
979 1286 1102 1381 hujus,

23 1395 64 1461 si
87 1392 303 1486 contingat,
319 1387 453 1456 rectius
478 1382 682 1477 explicandi
709 1405 818 1452 causa
845 1387 1005 1458 scribere
1030 1413 1103 1459 au-

38 1519 87 1564 sus
108 1516 213 1580 sum,
238 1512 308 1557 non
332 1511 436 1556 meae
460 1487 499 1556 id
519 1484 642 1554 tribuo
665 1484 855 1580 debeoque
883 1490 959 1560 sire
980 1492 1103 1562 auda..

37 1599 105 1665 ciae
135 1596 209 1668 sive
236 1590 445 1678 eruditioni,
477 1588 543 1658 sed
565 1597 775 1704 temporum
802 1599 1014 1660 nostrorum
1037 1595 1103 1663 in.

39 1698 134 1791 genio
167 1693 345 1766 laudabili.
408 1689 452 1762 In
485 1713 530 1762 ea
560 1689 697 1758 enim
683 1713 760 1784 Jam
783 1690 977 1762 incidimus
1002 1703 1103 1766 tern-

43 1823 139 1898 pora,
155 1793 321 1891 quibus
309 1817 350 1866 111
365 1793 585 1887 scriptorum
599 1811 788 1861 sacrentur
801 1791 1103 1888 interpretatione

49 1923 113 1968 non
136 1899 341 1992 opinionem
376 1915 631 2010 quamcunpue
658 1876 768 1962 ante
778 1915 838 1963 res
870 1896 1103 1992 investigatas

58 2010 236 2116 conceptam
258 1997 466 2069 auditumve
483 1995 590 2083 tueri,
615 1995 680 2064 sed
696 1995 827 2085 solum,
848 2021 957 2094 quem
975 2012 1104 2072 auctor

56 2101 119 2192 quis
138 2125 213 2171 amn
238 2099 391 2194 singulis
414 2097 531 2171 effatis
556 2107 635 2166 tum
658 2096 890 2191 potissimum
914 2111 993 2171 tota
1007 2106 1103 2172 sori.

48 2203 152 2295 ptione
176 2201 371 2296 spectarit,
396 2223 541 2271 sensum
568 2200 768 2316 genuinmn
793 2202 894 2272 omni
917 2225 990 2296 qua
1022 2204 1104 2276 fieri
1156 2264 1158 2275 .

44 2316 142 2420 potest
175 2304 364 2398 diligentia
402 2323 517 2396 aeque
549 2323 593 2368 ac
623 2299 792 2376 resbatis
813 2304 945 2372 unicae
981 2307 1103 2380 studio

45 2407 237 2476 sincerrimo
264 2427 415 2493 eruere,
440 2403 640 2498 explicare,
659 2399 861 2494 illustrare,
894 2405 1104 2500 defendere,
1159 2455 1160 2466 ι

43 2507 124 2578 laudi
154 2507 312 2578 ducitur
371 2506 438 2576 Est
467 2515 590 2574 autem
621 2505 668 2573 ist
696 2499 967 2602 Apocalypseos
997 2508 1104 2603 liber,

45 2611 159 2702 qarob
185 2608 445 2680 obscuritatem
467 2629 590 2695 suam,
622 2606 728 2676 tacito
756 2607 903 2714 quidem
928 2627 1016 2680 earn
1033 2636 1105 2682 au-

47 2715 119 2781 ctori
136 2710 423 2782 condonandam
446 2731 629 2807 quamque
648 2707 767 2777 studio
793 2706 938 2780 assiduo
963 2713 1105 2808 dispelli

53 2833 132 2902 posse
140 2813 248 2884 haud
265 2812 443 2906 desperes,
467 2811 685 2904 singularem
699 2819 822 2880 tamen
835 2815 1105 2910 maximamque
1211 2870 1216 2884 .

50 2913 75 2978 si
92 2915 195 2985 libros
222 2915 269 2984 N.
290 2911 336 2986 Τ.
365 2913 524 3007 reliquos
549 2911 736 3000 conferas,
761 2923 799 2982 et
822 2913 978 2986 lectores
1009 2918 1106 2988 male

44 3027 148 3088 cautos
175 3019 215 3085 in
242 3031 385 3084 errores
412 3023 579 3106 agentern
603 3037 741 3108 pronos
761 3015 1017 3111 ingentesque,
1041 3021 1104 3089 in-

42 3119 327 3213 terpretationem
351 3116 530 3185 desideret
549 3117 714 3184 maxime
725 3116 920 3207 sollertem,
942 3121 1104 3190 οιιιιιιιιι-

41 3233 208 3312 spectem,
234 3221 442 3312 ingenuam,
464 3218 704 3312 perspicuam.
756 3217 873 3308 Quo
861 3244 901 3290 ιιι
917 3220 1013 3292 libro
1035 3223 1105 3293 nisi

46 3331 71 3388 ιι
83 3323 297 3409 consilium,
318 3322 390 3422 qub
410 3329 510 3392 vates
534 3319 581 3388 ad
600 3319 672 3388 tale
689 3321 863 3413 scripnrm
877 3323 934 3391 sui
953 3332 1105 3418 tempo-

44 3422 79 3490 ris
104 3425 238 3496 usibus
271 3423 414 3516 egregie
440 3421 637 3506 inserviens
661 3421 845 3497 edendum
873 3427 1039 3516 accessit,
1068 3437 1106 3497 et

41 3528 197 3597 notiones
221 3545 313 3596 aevo
336 3523 388 3591 illi
412 3523 533 3611 tritas,
573 3522 704 3618 quibus
737 3545 891 3598 coaevos
924 3549 1008 3598 suos
1036 3549 1105 3598 ca-
1180 3551 1184 3559 ·

42 3623 266 3714 hortabatur,
288 3625 486 3718 singulares
508 3635 546 3694 et
570 3648 617 3705 ex
641 3626 810 3718 partein
836 3630 965 3700 ceteris
990 3629 1035 3700 N.
1060 3630 1105 3700 T.
1152 3661 1155 3666 ·

48 3733 169 3826 scriptis
193 3728 294 3824 haud
309 3727 452 3816 obvias,
478 3737 525 3796 et·
535 3727 654 3822 operis
673 3727 830 3821 denique
850 3730 1010 3800 indolem
1031 3733 1106 3798 rni-

38 3849 104 3902 rem
122 3857 175 3902 ex
199 3829 372 3924 operibus
392 3829 488 3896 circa
505 3839 673 3922 tempora
690 3829 752 3898 illa
774 3831 916 3926 scriptis
930 3831 1107 3902 similibus

36 3931 322 4028 cognoscendam
345 3931 525 4026 interpres
549 3929 643 4000 bene
673 3941 779 4016 eruta
803 3927 1047 4030 perspererit,
1076 3933 1108 4004 is

6 4061 7 4069 ¹
31 4043 79 4104 tot
102 4034 294 4127 tantisque
316 4033 506 4102 intricatur
532 4031 823 4124 difficultatibus,
843 4045 886 4104 ut
903 4035 1050 4128 ingenii,
1077 4035 1109 4102 si

7 4073 83 4216 ivel
110 4136 280 4206 maximo
307 4132 458 4228 polleat,
490 4155 646 4204 acumen
677 4136 799 4204 sensui
830 4133 917 4206 libri
951 4136 1109 4229 genuino

7 4240 147 4339 *magis
171 4235 400 4306 obscurando
425 4245 462 4303 et
484 4237 626 4304 sinistre
649 4236 847 4330 judicando
873 4239 1111 4334 quarn'dete-
1184 4241 1188 4256 '
