2572 4868
99 323 476 434 nvistonesslsssse.
510 349 843 446 Aa.1.Cap.12,
870 368 903 436 9.
957 371 1032 438 213
1130 467 1133 476 Ι

7 559 97 627 meque
125 529 272 624 profecto
305 549 370 600 tres
396 537 460 600 hos
491 547 581 598 vates
605 535 659 600 'sio
686 537 871 616 constituit,
898 549 936 602 ut
955 539 1028 626 pri·

7 647 54 686 rum
70 624 248 696 Salonam,
278 624 413 686 alterum
434 619 490 686 Im
515 629 684 700 oratorem
707 625 864 710 impium,
893 629 1026 688 tertium
1075 696 1078 714 ,

7 704 295 794 'serrdopropbetam
315 703 420 770 faciat.
492 728 543 768 am
563 705 772 793 Imperatoris
793 704 908 802 hujus,
931 731 1025 858 quem

7 793 111 854 cionem
137 813 205 854 esse
235 805 345 878 patet,
384 793 490 872 imago
521 811 563 854 ex
584 793 657 878 ipso
684 794 745 854 illo
767 805 913 879 ternpore
956 808 1029 876 ueta,

7 891 31 954 t,
47 879 92 964 qui
111 874 192 962 quod
213 877 291 962 ipse
311 880 347 941 in
368 880 460 940 rebus
480 875 522 944 ,ad
533 877 726 960 religionem
741 882 1027 964 superstitionem·

7 985 31 1023 re
59 963 265 1046 spectantibus
297 963 428 1030 efficere
463 964 592 1047 nequit,
633 984 694 1046 'per
722 964 906 1051 pseudopro
931 967 1024 1030 hetae
1055 997 1058 1005 r

7 1067 87 1130 perant
103 1048 303 1134 assequitur,
328 1051 494 1135 utripsque
511 1069 589 1109 vero
612 1059 644 1109 et
665 1050 812 1134 potentia
833 1063 865 1114 et
921 1054 1024 1114 assiae
1052 1062 1054 1068 ’

7 1132 111 1214 oprimis
138 1133 272 1219 piisque
307 1135 445 1198 nocendi
477 1133 619 1204 stud-ium
652 1155 670 1194 a
703 1135 833 1214 Satane,
876 1139 1023 1203 omnium
1122 1200 1123 1204 ,

7 1217 108 1280 talorum
128 1231 260 1280 auctore
282 1215 416 1296 ultimo,
439 1220 599 1304 originem
620 1217 723 1296 ducit,
742 1231 780 1281 ut
800 1223 829 1284 is
868 1223 976 1284 uidem
990 1235 1025 1286 et
1060 1267 1063 1272 ι

7 1311 15 1360 t
26 1303 124 1385 primus
145 1315 178 1365 et
198 1307 425 1366 atrocissimus
446 1305 553 1366 hostis
571 1303 731 1388 putandus
752 1306 807 1366 sit.
891 1309 897 1321 '
923 1309 1023 1388 igitur
1046 1350 1050 1357 ·

7 1407 34 1446 es
57 1409 136 1450 omne
163 1385 509 1476 efficiunt'forentque
529 1389 667 1471 malum,
695 1390 824 1452 nomini
844 1392 1023 1460 christiano
1065 1424 1068 1434 =

7 1471 82 1532 thnici
99 1476 304 1552 grav'issimi3
337 1475 392 1537 sed
414 1475 691 1558 omnibus.tamen
712 1474 909 1548 debellandis
932 1480 1022 1540 solus

7 1575 29 1614 u
46 1569 85 1618 est
101 1557 255 1638 Messias,
287 1572 356 1625 tum
376 1582 435 1623 rex
456 1571 489 1624 et
509 1559 685 1646 propbeta,
714 1570 750 1621 ut
772 1555 922 1634 homines
943 1564 1023 1628 illos
1050 1610 1052 1617 s

7 1661 48 1700 uos
71 1644 218 1710 sumnam
242 1657 444 1734 potestatem
460 1657 492 1708 et
513 1646 645 1708 civilem
665 1655 699 1708 et
719 1667 838 1708 sacram
859 1648 1022 1732 complec-

7 1736 78 1802 rntes,
102 1741 164 1793 tum
184 1732 324 1794 divinae
344 1744 475 1794 naturae
495 1733 670 1816 particeps,
690 1742 727 1792 ut
748 1727 896 1798 Seianam
913 1735 1023 1797 vincat

7 1829 124 1899 errantque
144 1817 181 1878 ab
203 1818 301 1881 omni
321 1817 367 1894 ita
388 1818 502 1884 liberet
522 1818 699 1909 impietate.
884 1827 887 1834 '
986 1819 990 1826 “

945 870 949 879 r

54 1927 278 2005 et12,1-17.
317 1927 359 1990 Ut
380 1929 526 1991 omnium
553 1928 591 1992 in
619 1940 704 1992 terra
728 1931 886 1994 malorum
914 1945 1023 1999 ructor

7 2009 118 2096 transque
143 2017 226 2094 boni
260 2035 337 2078 osor
359 2026 534 2100 perpetuus
552 2025 602 2076 est
625 2014 778 2088 Satanas
797 2038 840 2078 ex
865 2019 1023 2082 seriorum

7 2087 140 2161 ludaeorum
160 2101 324 2186 opinione
345 2111 439 2176 nota,
474 2100 520 2160 ita
538 2097 686 2162 Moesiae
707 2101 880 2192 imprimis!
890 2097 1023 2199 ejusque
1091 2161 1095 2174 ,
1159 2127 1163 2151 ¹

7 2177 137 2255 raseolarum
157 2187 316 2262 inimicus
335 2185 459 2270 primus
481 2196 514 2248 et
531 2184 722 2261 acerrimus,
746 2197 783 2248 ut
805 2188 861 2248 hic
882 2189 1023 2274 quidem,

7 2257 19 2315 i
34 2261 62 2321 ad
72 2269 217 2350 originem
236 2269 399 2347 redimus,
419 2266 517 2334 solus'
528 2269 723 2332 calamitates
740 2272 925 2334 christianis
947 2268 1023 2359 plu-

8 2342 64 2407 inas
78 2373 201 2420 movere
221 2357 439 2442 hominesque
459 2356 496 2420 in
517 2364 600 2416 terra
621 2355 742 2440 impios
765 2357 805 2429 ad
825 2345 1020 2420 chi-istianos

7 2423 147 2503 niestandos
167 2443 330 2522 instigare
351 2439 416 2502 dici
438 2451 542 2525 queat.
594 2437 701 2521 Quem
720 2438 851 2533 lmstem
876 2445 1020 2506 nominis

8 2509 120 2586 hristiani
138 2525 249 2590 dirum
270 2523 308 2590 et
322 2525 559 2612 implacabilem
584 2527 735 2610 primitus
755 2549 822 2623 pam
842 2549 910 2592 rem
935 2531 1024 2592 chri·
1122 2590 1125 2596 ,
1203 2554 1205 2562 ’

7 2597 92 2668 ianam
109 2611 213 2675 odisse
232 2611 565 2698 nuncqoeimprimis
589 2607 714 2684 Christi
735 2614 868 2676 asseclas
888 2615 1023 2677 bomani

8 2695 105 2774 eosqui
131 2697 358 2780 indignatione
378 2708 414 2760 ut
435 2691 635 2759 describeret·
649 2707 761 2774 vetes,
788 2698 946 2784 pitturam
967 2701 1024 2760 hi·-

7 2771 103 2856 tutum
127 2779 210 2848 hbnc
235 2785 346 2847 finxit.
400 2781 530 2844 Satanas
550 2780 701 2864 Messium
720 2785 866 2846 nondum
887 2796 1022 2870 partum,

7 2866 58 2940 aps
79 2874 179 2932 tamen
212 2890 294 2956 quae
321 2863 429 2930 futura
458 2868 502 2930 sit
531 2868 677 2953 potentia
701 2866 766 2950 ipsi
786 2869 918 2931 inimica
940 2871 1035 2953 benes

7 2942 71 3036 wilt,
96 2950 168 3015 odio
190 2947 388 3042 persequens
409 2952 480 3016 diro
506 2947 666 3016 foeminae
688 2947 841 3018 Messium
862 2955 1021 3039 pariturae
1056 3025 1057 3034 χ
1104 2961 1109 2968 ’

7 3020 77 3090 altat,
125 3037 187 3100 Sed
215 3040 328 3103 inanes
357 3041 418 3100 hae
444 3059 544 3124 puero
572 3037 718 3102 nondum
744 3039 781 3102 in
807 3037 911 3102 lucem
931 3038 1019 3112 edito
1108 3059 1111 3065 ·

7 3109 91 3177 tsuetae
109 3119 264 3202 insidiae,
284 3145 384 3210 puero
406 3122 460 3186 dei
481 3146 557 3188 cura
575 3125 708 3186 Satanae
729 3125 839 3188 voraci
857 3136 967 3211 erepto
988 3135 1021 3188 et
1085 3137 1086 3142 ’

7 3201 133 3282 &eoelum
152 3213 298 3286 sublat03
327 3211 423 3288 inane
445 3209 530 3296 quod
553 3209 684 3272 Satanas
705 3208 742 3272 in
761 3210 852 3274 coelo
872 3209 911 3270 ad
932 3208 1022 3273 liles-

7 3289 51 3342 tun
72 3308 198 3370 puerum
224 3299 325 3360 istum
345 3294 601 3380 persequendum
622 3293 757 3357 molitur
776 3293 897 3358 bellum
914 3297 1021 3358 inter-

7 3363 124 3452 minum,
152 3380 226 3466 ipse
255 3382 344 3444 enim
366 3380 494 3442 Satanas
516 3402 534 3440 a
558 3381 726 3444 coelitibus
746 3376 861 3442 faustis
882 3381 1023 3467 bonique
1062 3455 1065 3459 ⁴

7 3451 19 3500 *l
32 3458 106 3530 probi
125 3468 233 3544 amicis
256 3467 401 3534 devictus
423 3487 447 3531 a
462 3467 552 3552 coelo
570 3468 609 3528 in
625 3477 742 3526 terram
754 3461 912 3560 dejicitur.
948 3466 1022 3548 Qua

7 3543 82 3600 actura
111 3545 349 3637 ignominiaque
380 3552 745 3638 exacerbatus'primum
767 3553 1023 3618 intermistum
1082 3616 1086 3624 ,

7 3607 99 3688 itera„
118 3647 248 3700 matrem
269 3639 486 3724 persequitur,
514 3647 619 3698 totum
641 3659 735 3724 quem
754 3639 903 3722 concepit
928 3633 1021 3701 furo-

7 3709 44 3762 dlss
64 3709 369 3808 indignationemque
398 3723 500 3784 diram
528 3721 570 3782 in
585 3723 780 3784 imbecillam
801 3723 883 3784 hanc
903 3717 1022 3786 foemi-

7 3795 51 3882 ΜΨ
67 3816 136 3878 quae
156 3799 227 3892 spes
247 3811 350 3894 ipsius
371 3805 492 3870 fefellit
513 3807 690 3884 elllaturus3
723 3820 801 3893 quae
823 3819 1022 3872 tamencum

7 3871 92 3958 irpsa
111 3907 127 3948 a
147 3889 203 3955 deo
226 3896 263 3955 ab
282 3887 351 3988 ejus
373 3895 421 3955 ira
443 3903 602 3969 arceatur,
633 3887 699 3988 jam
720 3894 759 3954 ad
778 3889 914 3956 Messiae
935 3913 1023 3954 asse·

7 3945 57 4032 '¹³⁵2
76 3967 126 4049 qui
144 3980 251 4040 taetris
272 3981 369 4040 simul
390 3973 487 4074 hujus
507 3979 570 4039 una
587 4001 658 4040 cum
668 3977 789 4043 llllessia
799 3981 889 4064 quasi
901 3979 1025 4062 posteri

7 4047 65 4120 unt,
89 4063 168 4122 tanto
196 4061 347 4129 infestius
367 4063 604 4151 persequendos
627 4075 660 4126 et
681 4063 834 4126 delendos
854 4063 1031 4148 progredi-⁴

14 4138 50 4199 “b
67 4153 120 4218 (11¹0
138 4153 261 4237 saepius
283 4171 359 4236 spes
379 4145 453 4245 ejus*
469 4151 557 4212 elusa
573 4147 908 4234 indignationemipsi
922 4151 1028 4214 movit
