2546 4868
169 331 852 432 nvtaones.111.a.cnp.21‚·5·t:
902 443 906 452 .
966 347 1044 428 309

22 519 120 586 aelesti
136 520 387 611 iteromepparet
399 516 511 609 (aaut
523 533 554 598 2,
567 529 619 594 17.
634 507 814 600 11,’19.·15,
828 531 858 590 5.
895 520 1041 604 sehoctgt

22 629 67 668 tor.
84 622 110 678 1.
129 631 158 694 p.
174 603 276 693 1917).
331 605 372 670 ln
392 607 458 670 hoe
478 606 627 672 habitans
648 610 678 670 oi
700 609 778 671 deus
800 608 867 692 piis
885 629 1040 694 praesens

22 695 196 781 rapitinsque
220 689 308 758 adast
337 689 412 780 (of.¹
432 693 531 780 impr.
558 705 630 758 not.
660 693 700 756 ad
720 703 751 770 7,
769 689 865 777 ·15.),
897 695 1061 780 societas

21 801 70 841 uae
98 779 178 843 deoru
202 780 284 846 inter
314 789 459 844 tuentem
478 791 522 844 et
543 781 690 844 boantem
711 782 851 866 piosque
870 799 945 846 auru
967 783 1039 844 sin-

21 885 61 926 rra
86 867 200 930 colentes
228 865 413 948 intercedat
437 881 570 930 necessa
598 877 666 943 est,
698 867 800 930 arnioa
823 878 856 930 et
875 867 1037 932 inviolate

21 971 41 1009 a
66 953 183 1014 restinta
207 965 275 1029 ast,
308 961 345 1012 ut
373 971 459 1013 nuno
484 951 615 1015 dunum
642 955 784 1016 mosaica
805 951 845 1014 da
865 973 954 1016 nexu
974 954 1038 1014 hoe

21 1036 102 1096 ntimo
123 1037 181 1100 idea
201 1050 269 1110 rata
290 1031 368 1112 fiat,
383 1051 387 1070 ‘
400 1031 443 1098 cf.
462 1037 571 1103 Lavit.
591 1045 907 1123 26,·11.·13..queru
927 1040 1035 1106 locum

21 1121 167 1186 otisstnum
185 1125 343 1212 respexit·
354 1134 464 1201 vates,
496 1126 579 1186 sicut
592 1125 690 1208 prius
714 1116 782 1219 jans
805 1123 961 1191 Jeremias
981 1129 1035 1201 24,

22 1215 81 1280 et.
100 1220 125 1276 1.
152 1207 248 1290 Zach-
271 1221 304 1286 8,
324 1221 357 1278 8.
385 1220 435 1281 et,
471 1210 527 1296 qui
555 1227 632 1296 prae
659 1211 775 1273 ceteris
803 1211 1035 1296 huo-pertinet

20 1293 48 1350 ati
63 1293 133 1355 haud
148 1293 240 1360 dubie
261 1297 399 1370 obvius,
422 1293 762 1369 ·Ezeelrie1es37,·27.
784 1307 835 1368 98.
857 1301 963 1372 47,·,3.
985 1308 1034 1374 11,

20 1387 79 1440 ).-·
100 1378 138 1442 V.
148 1385 178 1452 4.
199 1383 371 1447 societatis
390 1374 489 1476 hujus
508 1380 696 1466 tutelaeque*
710 1379 925 1444 divinse'1hoc
940 1403 1034 1468 prae-

20 1482 100 1544 pnurn
114 1467 167 1528 ortt
185 1462 411 1542 corutuodurn,
440 1466 527 1554 quod
546 1467 613 1554 piis
635 1477 671 1527 et
690 1468 868 1542 rualorutn,
896 1483 976 1552 quae
995 1469 1033 1531 -in

20 1565 66 1606 rra
82 1556 205 1636 perpessi
227 1565 322 1629 sunt,
346 1551 499 1624 solatium
521 1565 553 1617 et
568 1555 785 1617 remuneratio
798 1551 885 1617 adest
898 1575 1032 1630 seturna,

20 1649 46 1689 ec
69 1637 178 1720 anplius
206 1641 408 1704 calamitates
435 1633 596 1730 ejusmodi
618 1637 815 1726 omninoque
835 1639 925 1700 nulla
945 1661 1033 1702 noxa

20 1725 26 1772 t
43 1737 75 1778 ne
88 1741 157 1784 mors
172 1726 306 1813 quidem
327 1717 384 1806 (cs.
402 1735 455 1801 20,
471 1733 503 1795 6.
525 1729 647 1794 1415.
667 1722 733 1787 Jes.
751 1733 804 1800 25,
824 1720 870 1808 7.)
890 1724 1033 1788 tirtrenda

19 1809 49 1859 tt·
64 1807 195 1896 ἐξαλείψει
228 1807 273 1872 of.
295 1820 326 1886 7,
351 1820 402 1882 17.
430 1811 487 1899 qui
513 1811 604 1872 lucus
632 1831 704 1872 curu
735 1812 799 1872 hoe
827 1813 1030 1884 ornninoex
1099 1813 1101 1818 ’
1132 1839 1138 1846 ·

19 1887 68 1950 atis
85 1905 170 1960 ruente
189 1897 426 1984 comparandus
448 1893 669 1966 assumus
689 1896 793 1960 luctus
821 1898 862 1958 ob
884 1905 1030 1960 mortem

22 1991 156 2062 otissimnm
182 1999 225 2066 cf.
249 2001 289 2065 ad
313 2007 373 2079 18,
384 2013 416 2071 8.
437 2015 457 2068 tt
479 1991 565 2087 uuyr'J
581 2001 690 2086 Γῑῖξξξ
742 2003 889 2088 raecipue
910 1995 1030 2098 injuste

21 2079 213 2150 tendetitero
241 2102 430 2176 pressorum
450 2025 641 2174 ciarnoruest
660 2023 837 2151 vinitorem
851 2087 1030 2173 exposcens

19 2155 127 2240 tum,
144 2181 174 2244 9.
224 2196 273 2238 es.
292 2183 323 2251 5,
346 2180 377 2241 6.
401 2183 451 2248 19.
473 2184 526 2245 20.
558 2171 612 2242 Ps.
638 2185 668 2251 9,
698 2183 749 2258 13.
813 2171 934 2237 Eadan
961 2168 1030 2237 fere

19 2248 73 2340 ‘etha
87 2249 198 2352 Vajjik.
212 2261 309 2324 ¹rabb.
331 2252 357 2319 f.
376 2267 447 2333 153,
471 2271 501 2328 1.
529 2257 654 2322 Tanch.
670 2254 775 2336 ‘s.‘51,
796 2267 828 2330 2.
850 2251 892 2324 ‘roi
914 2259 1029 2342 πρώτα

18 2349 96 2415 trrum,
120 2346 258 2409 mundus
280 2345 371 2432 prior
392 2365 464 2406 curn
490 2348 638 2409 omnibus
659 2367 739 2431 quae
765 2345 798 2407 ei
818 2343 1030 2408 inhaeserunt

18 2423 96 2500 rancis,
127 2431 217 2494 vitiis
243 2441 276 2493 et
299 2431 532 2492 calamitatibus
555 2433 763 2494 transierunt.
784 2465 829 2478 -
867 2427 912 2492 V.
932 2437 1029 2502 5-8‘.

19 2513 58 2584 Pte
73 2501 126 2602 jun
146 2527 178 2577 et
196 2517 395 2603 tempestive
412 2515 551 2588 Messias
571 2519 661 2602 ipse,
683 2517 759 2578 dum
780 2515 818 2580 in
830 2513 943 2578 mundi
957 2536 1028 2578 me-

18 2589 61 2650 tris
91 2600 144 2660 vix
173 2602 336 2666 nascentis
373 2601 472 2663 initio
502 2595 602 2698 judex
630 2601 721 2665 sedet
748 2613 800 2676 90,
832 2612 889 2678 11,
925 2623 960 2676 se
992 2601 1029 2664 in

18 2673 75 2738 endi
93 2677 184 2780 hujus
209 2689 294 2752 beati
316 2707 373 2749 sua
399 2688 433 2748 vi
460 2687 588 2750 creandi
618 2689 785 2750 civitatem·
807 2687 882 2772 pios
903 2697 1028 2752 tantum

18 2772 142 2833 :strenue
167 2796 229 2860 pro
259 2773 323 2836 fide
352 2781 409 2834 stra
439 2771 580 2835 interra
607 2773 805 2836 decertantes
826 2783 1029 2858 recepturum

18 2863 43 2904 oe
58 2851 167 2919 effatur.
216 2857 356 2940 Egregie
376 2859 455 2920 haec
476 2858 515 2920 ad
537 2858 691 2938 solandos
713 2869 811 2946 aeque
824 2859 970 2920 -miseros
994 2879 1028 2922 ac

18 2927 167 3026 »torrendos
188 2957 223 3010 ot
243 2943 449 3024 instigandos
470 2946 662 3030 composita.
697 2943 819 3029 Verbis
837 2935 910 3010 troo
927 2935 1027 3010 κάινᾶ

18 3037 75 3109 tyto
93 3030 173 3094 ποιῶ
194 3051 237 3094 en
259 3027 383 3094 mundi
404 3027 485 3092 noui
507 3039 541 3091 et
561 3028 717 3093 melioris
738 3050 762 3093 o
783 3049 839 3092 me
858 3026 1029 3094 condendi

20 3106 99 3198 rtrum
127 3109 182 3198 (cf.
203 3115 291 3178 idern
312 3115 378 3178 Jes.
397 3120 450 3190 43,
473 3123 524 3188 19.
558 3113 623 3178 Jer.
644 3125 698 3192 31,
717 3125 769 3187 91.
791 3113 831 3177 de
852 3135 939 3177 nova
960 3115 1029 3176 rei-

18 3181 99 3256 tblrcae
117 3192 261 3294 judaicae
283 3204 448 3286 totiusque
469 3217 556 3263 curu·
569 3202 629 3264 hac
650 3203 810 3286 conjuncti
833 3200 948 3262 ruundi
969 3201 1026 3264 in-

18 3279 175 3370 notatione),
205 3287 344 3352 Messia'e
374 3302 481 3347 secreto
510 3288 618 3368 angeli
647 3291 820 3350 verborum
851 3288 912 3348 fini
940 3307 974 3349 v.
996 3290 1029 3356 4.

18 3364 141 3432 nectitur.
194 3370 295 3456 Quod
308 3371 455 3434 Messias
476 3372 610 3438 effatum
630 3373 916 3459 quiahoruinibus
943 3393 1028 3434 nunc

18 3449 99 3513 tterrtt
116 3457 322 3536 viventibus,
357 3477 493 3542 quorum
524 3459 561 3523 in
588 3479 666 3522 usus
688 3459 771 3521 liber
791 3459 846 3522 hie
868 3459 1027 3534 scribitur,
1044 3489 1051 3525 f
1131 3489 1134 3497 r
1201 3481 1234 3523 .·

43 3531 107 3600 tium
133 3563 171 3617 eo
198 3538 303 3642 majus
332 3543 444 3618 affert,
479 3565 542 3630 quo
572 3544 741 3608 solennius
770 3542 932 3610 a'Messia
947 3543 1025 3628 ipso

18 3623 275 3714 trunciaturnest,
296 3630 429 3710 angelus
441 3651 549 3693 comes
564 3643 682 3706 vatem,
697 3631 752 3692 his
766 3629 906 3694 Messias
923 3632 1027 3715 ipsius

18 3695 66 3793 'thu
84 3711 174 3778 fidem
195 3715 375 3780 habendam
395 3735 466 3777 esse
486 3719 705 3793 maximam
726 3719 868 3797 vestigio
890 3715 1029 3800 perscri-

18 3797 148 3882 tentabat,
171 3801 291 3890 quade
312 3801 445 3865 fictione
465 3799 587 3864 dictum
608 3816 657 3866 est
678 3800 718 3863 ad
738 3813 790 3880 19,
808 3813 840 3875 9.
861 3835 904 3848 -
934 3798 979 3862 V.
995 3805 1027 3868 6.

18 3881 70 3954 ttgn
91 3883 173 3951 idern
192 3888 327 3952 Messias
358 3897 501 3950 mentem
528 3909 618 3950 suam
648 3889 778 3950 uberius
799 3885 1026 3972 expositurust

19 3971 76 4052 7⁰1⁸
100 3979 213 4036 aarum
241 3975 316 4035 est!
348 3973 462 4036 finitus
490 3983 540 4034 est
567 3972 704 4035 mundus
726 3975 817 4059 prior
837 3973 950 4056 impiis
973 3991 1026 4032 se-

18 4047 77 4121 oto,
110 4059 191 4141 quod
223 4057 310 4120 idern
341 4077 410 4121 vox
435 4058 587 4121 coelestis
607 4057 730 4120 Rornae
754 4056 1027 4132 casurn'iudican‘s

18 4125 349 4219 uclaruaverat16,17.
412 4141 547 4230 Jamque
579 4143 720 4207 mundus
756 4145 848 4232 'prior
880 4143 1025 4204 sublatus

18 4223 121 4306 ⁰tttque
141 4227 324 4294 condendus
345 4226 498 4294 Messium
519 4241 685 4294 aeternum
706 4239 738 4292 et
761 4229 1027 4315 potentissimum
