2572 4868
249 297 323 437 ib?
374 345 417 422 ΙῙ.
445 329 621 421 Visiones.
672 349 716 419 II.
738 363 774 441 2,
795 361 829 430 3.
889 352 975 448 Cap.
1001 364 1036 442 9,
1063 366 1188 436 13.1ι1.

245 537 301 601 hic
322 533 479 623 stupenda
501 545 534 598 et
550 531 711 599 immania
733 531 912 598 describere
933 536 1002 597 vati
1023 536 1254 614 risumes13ru

159 700 163 708 Ι
247 634 456 697 ettenorum
478 623 542 683 situ
564 621 741 682 remotiora
761 619 909 682 erant‘de
932 619 1061 684 Parthis
1080 637 1196 687 narrata
1209 625 1258 685 ethi

246 707 437 786 errarranda,
458 717 495 768 ut
515 727 625 768 rumor
646 699 742 766 fabile
763 705 864 767 multa
883 727 998 786 augere
1015 720 1131 793 posset
1148 722 1177 773 et
1194 731 1260 784 onan

247 806 280 858 et
296 795 416 880 ‘ipsum
445 813 507 878 quo
538 791 578 854 ad
611 809 750 876 poenam
778 791 891 876 impiis
926 793 1139 873 infligendam
1165 795 1258 856 divinia

245 881 429 942 excitantur
450 879 580 954 hostes,
601 885 675 937 ante
689 873 825 938 Messias
848 876 1258 964 adventumproximurntu

246 985 309 1052 pus
330 965 493 1044 singulare
514 974 547 1024 et
567 961 715 1038 unicum,
747 972 784 1021 ut
806 963 915 1024 omnia
936 963 1035 1024 solito
1057 961 1180 1064 majora
1197 975 1261 1029 etta

180 1041 189 1058 “
247 1051 427 1126 ualentiora
455 1048 553 1123 (sicut
573 1049 610 1109 in
631 1046 813 1108 visionibus
833 1041 899 1144 jam
920 1049 1102 1136 prioribus)
1130 1053 1265 1133 fingerem

170 1171 174 1176 .
248 1132 321 1223 jure
349 1134 557 1220 postulabat„⁴

309 1291 383 1375 ‚V.
403 1301 454 1362 13.
489 1290 606 1354 Sextus
636 1287 768 1368 angelus
800 1289 933 1372 classico
963 1311 1082 1356 canens
1111 1291 1200 1354 simul
1220 1309 1268 1375 qm

169 1445 172 1452 Δ
249 1373 388 1464 poenam
409 1377 597 1450 annunciat,
626 1371 682 1436 diu
710 1377 1026 1462 praeparatam-ipse
1056 1376 1180 1442 efficere
1200 1371 1267 1436 'uben

249 1471 302 1548 (v.
319 1467 411 1543 14),
444 1475 480 1526 ut
508 1473 676 1544 utrumque
704 1469 737 1520 et
768 1463 982 1526 annunciandi
1010 1474 1043 1526 et
1064 1475 1167 1526 ratam
1185 1399 1264 1522 helui

251 1549 427 1634 poenarum
463 1557 584 1634 partem
618 1539 775 1628 quanda'm
812 1547 953 1610 officium
986 1549 1113 1630 angelis
1143 1549 1193 1610 his
1207 1541 1267 1606 'tritri

251 1630 307 1706 (cs.
330 1657 362 1718 p·
379 1631 466 1714 169.)
487 1623 542 1694 hio
566 1629 806 1714 apertissimum
820 1625 875 1694 sit.
917 1631 1107 1696 Mandatum
1130 1635 1187 1694 hoc
1205 1627 1268 1708 augeb

104 1765 113 1786 .
155 1747 159 1752 ·
249 1719 297 1784 ita
319 1719 409 1781 datur
430 1729 466 1782 ut
488 1728 577 1778 vates
599 1735 711 1776 vocem
734 1715 890 1804 quandam
909 1719 1042 1806 (palpent
1055 1719 1097 1781 ad
1109 1728 1140 1796 5,
1156 1713 1269 1801 5.)aqu·

250 1809 337 1873 tuor.
349 1804 459 1865 altaris
482 1801 570 1863 aurei
593 1798 666 1860 ante
686 1799 842 1866 thronum
867 1803 1016 1868 divinum
1037 1805 1144 1890 positi
1164 1798 1210 1878 (cf.
1226 1807 1243 1871 i,
1255 1807 1270 1866 i·

251 1901 282 1964 8,
304 1899 335 1958 3.
359 1895 409 1964 16,
432 1895 464 1956 7.
488 1891 537 1964 14,
561 1886 626 1964 18.)
648 1885 789 1968 apicibus
811 1888 849 1950 ad
872 1909 908 1949 se
929 1885 1069 1974 perferri
1092 1889 1201 1952 audiet.
1231 1881 1268 1962 (tu

210 1998 215 2006 ·
251 1963 381 2060 quitiam
403 1971 620 2056 descriptione
642 1987 710 2030 vox
729 1969 851 2034 diuino
869 1975 915 2034 ita
944 1976 1114 2052 innuitur,
1153 1987 1184 2036 ut
1201 1968 1269 2033 obit

251 2056 362 2121 corum
390 2059 479 2120 locus
511 2067 635 2118 tantum
670 2053 755 2118 unde
785 2077 854 2124 vox
884 2057 1043 2143 prodierit
1079 2060 1140 2122 sai'
1186 2049 1268 2120 dilicit

248 2147 454 2220 nominetur,
495 2143 547 2203 cui
580 2140 722 2202 similem
744 2135 842 2204 ‘v'oiis
871 2142 1001 2208 divinae
1030 2143 1148 2208 decore
1168 2137 1267 2206 notuit

249 2225 420 2293 rationem
438 2227 534 2312 supra
554 2231 585 2300 6,
607 2231 648 2301 69
660 2227 953 2290 animadvertimus.
1009 2227 1111 2314 Quod
1133 2241 1223 2292 autem
1235 2239 1265 2284 ttt

192 2351 200 2362 ι
249 2316 329 2376 haec
351 2336 375 2376 n
397 2321 547 2399 quotuor
567 2311 677 2372 altaris
698 2309 856 2397 apicibus
878 2314 917 2375 ad
938 2326 1045 2388 ratem
1065 2312 1225 2402 perfertur,
1239 2327 1263 2368 st

249 2421 329 2462 num
363 2397 519 2484 exprimit
547 2395 691 2458 validum
722 2397 832 2460 omnia
864 2413 1104 2484 penetrante1n3
1145 2397 1264 2484 frequenter

117 2541 121 2549 .
181 2515 182 2520 ¹
250 2487 340 2548 enim
368 2485 405 2547 in
434 2483 519 2545 libro
550 2481 614 2542 hoe
641 2502 739 2544 sonus
770 2479 839 2572 dei,
871 2484 1024 2562 Moesiae,
1053 2481 1260 2567 assignarunt

101 2624 129 2643 ,κ
155 2649 159 2656 ,
202 2633 205 2640 «
248 2589 355 2667 decet,
381 2587 562 2653 altissimus
583 2587 768 2649 celebratur.
789 2581 1050 2673 eatpoiasnirpp
1076 2598 1257 2654 cornuam

248 2688 357 2740 menta
390 2685 465 2748 sunt
491 2672 617 2754 angulis
650 2675 721 2734 arae
748 2683 883 2760 quatuor
913 2665 1084 2758 imposita,
1124 2679 1163 2738 ob
1188 2676 1261 2752 figur

246 2760 455 2824 eminentem
476 2754 526 2843 (ut
544 2757 691 2820 eminens
714 2755 976 2842 quodvis-corna
1000 2757 1064 2821 dici
1081 2771 1211 2846 potest,
1222 2751 1266 2814 reiut

247 2844 347 2908 collis
368 2843 435 2908 Jes.
453 2851 484 2920 5,
509 2845 553 2920 1.)
574 2844 620 2904 ita
641 2840 741 2920 dicta,
768 2837 809 2903 cf.
831 2839 937 2907 Exod·
950 2851 1002 2918 27,
1023 2853 1056 2914 2·
1087 2839 1188 2909 Amos
1206 2853 1226 2915 3,
1241 2848 1269 2904 nt

245 2931 472 3020 tunicularum
505 2925 728 3014 quadratorum
745 2922 895 3002 “soranam
924 2947 960 2988 ea
991 2930 1149 2994 retulisse
1168 2929 1270 2992 tianiu-

247 3013 288 3076 de
317 3012 414 3076 aedis.
442 3013 555 3096 templ.
572 3021 603 3088 2,
624 3021 656 3081 7.
674 3023 706 3082 8.
721 3012 833 3090 tradit.
867 3009 1033 3084 'Ceterum
1054 3017 1173 3082 irc-scri
1196 3003 1272 3074 tortio

241 3091 308 3186 'pro
337 3091 405 3166 α’πὸ
433 3099 547 3185 posuit
564 3091 630 3183 ,(cf.
652 3099 866 3170 simillimum
888 3104 938 3174 16,
959 3092 1027 3184 7.),
1068 3122 1143 3164 cum
1168 3039 1272 3162 hebraeis

245 3227 346 3270 unum
366 3209 412 3290 pq
432 3202 472 3264 ad
492 3199 659 3287 utriusque
686 3202 941 3288 praepositionis
969 3204 1141 3276 notionem
1169 3199 1273 3280 adhibes

246 3301 317 3372 tur:
357 3309 460 3373 neque
492 3284 581 3350 eniin
613 3287 777 3368 hocflvult
806 3288 964 3372 scriptor:
997 3309 1112 3354 vocem
1140 3311 1180 3354 er
1203 3279 1272 3346 alten

145 3399 152 3422 ⁴
244 3372 357 3438 medio
378 3371 559 3458 prodiisse,
587 3371 673 3456 quod
694 3393 736 3436 ne
757 3372 898 3454 cogitari
917 3367 1047 3458 quidem
1067 3387 1188 3465 potest,
1215 3363 1274 3429 suit

244 3461 367 3520 throno
391 3458 485 3520 altari
506 3454 692 3542 postposito
716 3456 754 3520 ad
778 3469 885 3520 vatem
905 3461 1108 3542 pervenisse.
1130 3495 1172 3508 -
1204 3451 1272 3516 Μ’

243 3541 352 3607 Fictio
381 3543 427 3604 sio
458 3540 622 3625 procedit„
659 3539 804 3628 Equites
830 3542 1021 3620 Parthorum
1051 3545 1098 3632 (v.
1129 3546 1166 3607 ad
1191 3563 1218 3604 v·
1235 3529 1274 3602 tt)

242 3633 313 3692 non'
347 3637 438 3688 sueto
467 3626 614 3688 hostium
642 3646 741 3689 more
760 3629 796 3690 in
818 3618 912 3707 agr'os
930 3629 1069 3694 hostiles
1089 3635 1217 3699 irruunt,
1241 3609 1272 3677 sed

242 3709 382 3799 angelis
412 3709 600 3797 quibusdam
630 3714 793 3798 (quatuor
822 3714 876 3791 hic
896 3709 1121 3793 nominantur,
1151 3721 1218 3800 quot
1233 3699 1272 3763 sen

243 3809 320 3862 sunt
339 3797 498 3880 exereitus
520 3801 642 3882 partes)
664 3817 721 3860 seu
742 3797 951 3860 daemonibus
965 3801 1059 3864 malis
1077 3801 1207 3871 ducibus,
1225 3789 1271 3850 dtt

240 3884 351 3950 monis
380 3883 484 3946 instar
516 3881 644 3944 Tartari
678 3882 817 3944 locustas
846 3883 991 3947 ducentis
1020 3907 1055 3949 v.
1083 3899 1133 3958 11.
1163 3876 1271 3944 nomint

241 3965 420 4046 infestandi
455 3977 488 4029 et
519 3963 680 4028 cruciandi
709 3961 923 4048 gnarissimis.
983 3967 1052 4053 Qui
1085 3965 1234 4034 daemones
1253 3959 1273 4012 ¹¹¹

240 4052 328 4117 mali
349 4067 382 4118 et
401 4051 591 4116 hominibus
612 4047 710 4114 noxii
729 4052 927 4134 cogitentur,
948 4055 1003 4118 hic
1017 4054 1127 4128 vineti
1139 4053 1282 4130 sisinnus,

239 4139 317 4204 haec
348 4142 436 4204 enim
464 4137 657 4226 pervulgato
677 4149 727 4203 est
750 4137 933 4234 temporum
955 4153 1038 4226 post·
1052 4141 1180 4206 exilium
1198 4123 1271 4226 judai·
