2622 4862
341 365 399 436 De
425 366 568 462 linguae
593 363 725 434 indole.
754 305 757 308 Ι
1026 381 1075 455 37
1123 311 1125 318 l

26 556 59 617 lis
87 575 135 616 usu
157 562 229 631 erat,
263 551 390 637 linguae
412 551 457 618 V.
479 549 522 613 Τ.
545 546 821 636 interpretandae·
839 547 990 616 facultate
1018 552 1073 616 in·

30 669 154 720 structum
171 655 285 735 filicae,
307 677 374 722 non
396 657 463 738 jam
484 653 660 734 miramur,
683 653 770 740 quod
794 666 908 720 contra
922 657 1072 722 omnium

26 763 58 824 Ν.
77 761 110 824 Τ.
126 760 314 848 scriptorum
335 779 463 826 morem
484 777 653 846 nunquam
676 756 841 828 versionis
862 759 968 834 LXX
989 759 1070 826 sub-

22 861 87 927 sidio
105 863 191 928 utitur
207 859 250 952 ¹).

95 1012 120 1073 a
146 1003 197 1068 llis
223 1025 310 1069 vero
339 999 503 1084 sontibus,
530 1003 586 1089 qui
609 1004 731 1070 auctori
754 1003 882 1069 erudito
903 1004 1064 1092 patebant,

28 1107 87 1169 satis
106 1107 181 1196 largis
214 1109 260 1177 ita
291 1132 370 1174 usus
399 1120 465 1190 est,
504 1119 542 1173 ut
570 1129 655 1173 unus
684 1110 834 1174 omnium
864 1110 1062 1200 scriptorum
1137 1117 1140 1128 '

29 1209 234 1293 pulchritudines
263 1213 497 1298 conjungeret,
527 1211 689 1300 floresque
716 1237 759 1280 ex
788 1211 910 1282 diversi
931 1215 1059 1301 generis
1158 1245 1161 1260 ι

23 1314 150 1382 arboribus
175 1319 364 1410 decerperet
391 1317 645 1387 amoenissimos.
699 1320 779 1388 Non
811 1319 909 1400 solet,
944 1332 982 1384 ut
1004 1343 1060 1384 ce·
1091 1365 1096 1374 ·

20 1419 64 1483 leri
85 1419 142 1486 lere
165 1426 327 1492 seriorum
354 1435 545 1512 temporum
571 1437 663 1492 vates
691 1435 724 1492 et
744 1437 875 1516 poetae,
906 1423 1057 1516 exempla

17 1524 117 1612 antiqua
140 1531 228 1598 anxie
257 1529 448 1620 exprimere
474 1530 578 1617 longis
607 1531 739 1620 linguae
760 1529 995 1616 languescentis
1024 1543 1058 1606 et

16 1629 97 1693 tardae
120 1635 316 1725 ambagibus:
351 1636 419 1701 imo
446 1633 566 1722 ubique
592 1636 647 1701 vel
669 1632 823 1726 'mirando
845 1631 924 1700 felix
944 1636 1056 1724 prodit

17 1743 40 1794 et
65 1735 140 1802 altius
171 1764 345 1830 assurgens
382 1739 568 1828 ingenium,
609 1740 791 1827 imaginum
823 1738 983 1814 delectum
1021 1755 1055 1808 et

18 1833 109 1922 linguae
132 1845 250 1912 cultum
280 1869 344 1937 pro
373 1847 433 1912 illis
463 1841 665 1933 temporibus
689 1842 897 1926 laudabilem,
928 1869 1054 1914 nexum

25 1937 136 2100 ilnprinis
169 1953 341 2020 visionum
372 1964 409 2016 et-
434 1950 507 2017 libri
546 1949 688 2038 partium
719 1948 913 2038 pulchrum,
948 1962 1051 2016 artem

27 2039 119 2133 deniqne
141 2054 305 2144 ubique
295 2081 330 2126 ιιι
365 2053 518 2144 fingendo
552 2065 586 2120 et
620 2052 889 2140 componendo
879 2045 1051 2142 insignem.
1106 2043 1109 2050 ¹

25 2145 123 2222 Omnino
147 2163 307 2259 scriptor,
343 2162 369 2226 si
404 2182 472 2224 non
500 2157 540 2224 ad
570 2155 779 2243 antiquorum
809 2171 848 2225 ut
871 2160 991 2268 Amori
1020 2178 1052 2226 et

19 2249 101 2322 lessies
120 2267 319 2350 majestatem
347 2263 519 2332 sublimem
548 2261 668 2347 ubique
699 2266 854 2352 assurgit,
888 2253 1050 2333 seriorum

17 2367 89 2424 tanen
104 2370 265 2456 omnium
286 2371 485 2458 adquorum
509 2368 659 2472 erempla
680 2389 715 2430 sc
737 2371 938 2456 composuit,
963 2371 1049 2436 Eze-
1122 2433 1124 2436 .

19 2457 101 2549 rbielis,
129 2477 323 2562 Zachapiae
360 2474 524 2556 Danielis,
536 2465 710 2542 Heuochi
741 2475 871 2564 scriptis
902 2476 1044 2564 palmam
1079 2524 1084 2540 .

18 2571 134 2660 praeripit.
318 2635 321 2642 ,

454 2751 484 2838 §-
525 2756 557 2822 s.

228 2971 234 2988 .
342 2890 384 2944 De
414 2889 529 2961 liuguae
558 2889 663 3000 indole.

56 3013 91 3084 De
110 2995 232 3120 linguae
259 3031 355 3115 hujus
385 3029 461 3096 libri
489 3013 620 3118 graecae
646 3027 754 3096 indole
783 3043 814 3094 et
844 3043 958 3098 natura
988 3034 1039 3099 di-

18 3131 75 3186 rena
99 3149 167 3202 sunt
190 3149 233 3202 et
261 3133 376 3200 acerba
403 3135 500 3200 etiam
536 3135 724 3202 criticorum
756 3133 882 3216 judicia.
940 3139 1040 3206 Multi

20 3235 153 3307 sc¹'¹P¹⁰rem
198 3226 364 3307 maximae
411 3253 564 3307 accusant
613 3237 776 3306 scribendi
826 3239 1038 3326 negligentiae

20 3335 138 3420 ⁰⁰¹¹¹⁸⁵q11e
158 3346 287 3436 linguae
305 3347 390 3434 leges
412 3347 452 3412 ab
473 3369 511 3412 eo
531 3360 657 3428 temere
679 3355 804 3434 spretas
825 3351 964 3434 putant3
986 3349 1037 3414 alii

37 3493 55 3562 1)
66 3493 212 3582 eoutun-ium
231 3467 266 3572 de
283 3525 415 3580 cdi-22
432 3519 550 3576 affirmat
567 3537 603 3573 ex
621 3467 798 3572 commentt.¹
819 3495 937 3586 vogelii
956 3515 1039 3572 Ber-

56 3590 152 3658 ¹h⁰ldt
175 3609 280 3664 introi.
307 3615 422 3676 p.1903·
465 3609 522 3666 Sed
546 3611 620 3665 nihil
642 3605 779 3676 probatur
803 3624 840 3662 ex
864 3612 1038 3676 argumentis

57 3679 82 3736 bi
93 3697 207 3757 prolatis.
222 3701 292 3755 Nam
306 3699 391 3756 habet
408 3703 522 3772 quidem
538 3701 723 3772 Apocalypsis
734 3697 869 3769 quaedam
886 3701 1037 3770 singula

59 3807 162 3871 turibula
173 3801 426 3890 rossLXXuaitata,
443 3834 475 3877 ut
489 3826 501 3872 t
513 3823 674 3886 samaqisse
685 3834 737 3885 pro
752 3791 879 3898 ῘἹῗΝξζ
887 3841 898 3880 ‚
915 3816 981 3872 canai
994 3816 1037 3862 rat

55 3936 152 3998 ¹¹³wa
168 3945 212 4006 15,
227 3946 252 4002 5.
270 3943 317 3998 cll.
334 3941 431 4006 Accu
448 3949 486 4006 ll
504 3959 556 4012 Pro
578 3914 673 4009 'ibiibi
689 3904 765 3985 brut
787 3933 931 4000 Μχιμισύνι
942 3935 987 3996 16
998 3933 1034 3992 15

54 4049 91 4102 pro
54 4040 149 4102 nui
137 4046 211 4138 Υιξ·
239 4059 286 4114 sed
310 4061 376 4114 talia
399 4073 460 4114 tum
482 4065 619 4132 temporis
637 4059 774 4115 vocabula
798 4036 937 4121 imprimis
954 4065 1034 4104 sacra

54 4143 80 4181 εχ
98 4109 194 4204 assidua
217 4171 261 4202 ros
277 4151 367 4206 LXX
383 4153 502 4208 lectione
530 4157 615 4208 satis·
624 4163 702 4206 erant
719 4155 784 4203 trita
802 4161 871 4206 usu3
903 4159 955 4196 nec
972 4151 1034 4195 tan·

56 4224 303 4310 tum¹¹11rosteriore
321 4241 529 4316 Apocalypsaos
546 4255 623 4312 parte
642 4242 725 4296 obvia
751 4247 823 4292 suut.
