2622 4862
120 313 121 326 l
163 373 190 446 4
223 355 226 366 ’
270 359 329 434 De
355 359 535 458 scribendi
557 358 706 478 consilio
728 357 883 456 librique
909 372 1133 494 argumenta

169 513 388 634 exprimeret,
422 544 485 632 ipsi
515 543 669 631 discipuli
693 565 737 608 ex
768 565 807 608 eo
825 565 910 610 mox
930 546 1058 611 abituro
1079 550 1251 632 quaesive-

58 688 61 700 ι
107 662 111 666 “
128 657 269 734 runt,
300 649 430 738 quando
452 671 531 716 vere
557 661 595 714 ut
617 648 689 713 talis
710 646 909 716 ludaeorum
929 651 1066 718 Messias
1089 652 1255 722 adv-antu

177 779 236 822 rus
258 757 300 820 sit
319 757 439 821 Matth.
459 761 571 837 24,3.
619 755 693 820 Nec
722 751 820 818 lesus
842 777 924 841 quae
951 757 1044 844 prius
1070 759 1135 839 jam
1162 775 1258 826 vates

172 861 214 926 de
235 861 358 929 Messia
378 860 526 946 augurati
546 869 639 922 erant
665 857 801 938 omittit3
834 851 990 926 Messinm
1012 860 1108 924 docet
1138 863 1258 929 celeri-

171 975 225 1030 ter
244 975 277 1028 et
296 961 494 1050 improviso,
520 963 588 1028 ubi*
600 963 647 1050 pii
676 962 828 1026 maximis
857 965 1013 1050 perioulis·
1038 966 1257 1033 conflictaturi

170 1067 254 1146 sint,
275 1067 405 1132 coelitus
427 1065 647 1136 adventurum
668 1079 700 1128 ct
717 1066 873 1150 judicium
894 1070 1081 1137 habiturum
1103 1093 1190 1153 esse,
1222 1074 1253 1137 id

11 1183 20 1225 1
129 1247 135 1260 ,
170 1182 294 1238 autem
302 1187 375 1237 ante
394 1172 503 1238 omnia
522 1181 628 1256 urget,
647 1177 813 1287 tempus
834 1169 994 1237 adventus
990 1191 1148 1260 quamvis
1163 1197 1256 1260 pro-

111 1333 113 1342 .
171 1277 256 1342 nimi
276 1299 412 1366 prorsus
434 1297 503 1342 esse
522 1258 702 1352 incertum,
721 1273 782 1360 piis
801 1275 901 1361 igitur
922 1299 1049 1363 semper
1068 1301 1137 1342 esse
1156 1279 1248 1363 vigi-

172 1382 308 1447 landum
328 1395 361 1449 et
381 1393 444 1471 pro
465 1376 590 1445 viribus
611 1375 824 1442 laborandum
854 1400 897 1440 ne
923 1382 1064 1466 praemio
1094 1379 1251 1446 excidant

171 1485 294 1552 Matlh.
313 1492 366 1560 24.
386 1487 440 1560 25.
476 1480 609 1570 ¹Quibus
630 1479 827 1548 orationibus
858 1483 933 1568 quid
963 1486 1055 1550 Jesus
1082 1485 1166 1550 aliud
1184 1505 1255 1572 po-

171 1588 236 1654 suit
253 1601 416 1676 spectare,
437 1587 500 1653 nisi
522 1597 560 1650 ut
579 1607 638 1672 spe
659 1585 733 1664 ista,
760 1607 833 1649 rem
853 1585 1062 1655 christianam
1084 1591 1257 1678 aliquando

170 1691 300 1758 felicem
319 1689 408 1770 sore,
426 1690 559 1755 asseclas
578 1711 654 1752 suos
675 1688 715 1752 ad
735 1686 862 1772 fidem
894 1701 927 1754 et
944 1692 1153 1760 virtutem
1176 1717 1260 1762 ma-

145 1797 307 1871 .ximas
326 1795 446 1859 iuter
468 1795 733 1862 calamitates
752 1794 1045 1860 inconcussam
1073 1820 1260 1866 servan-

171 1903 265 1967 dam
296 1899 508 1964 hortaretur?
536 1899 676 1982 (Matth.
695 1905 754 1979 24,
783 1905 925 1980 36-25,
943 1903 1020 1984 30).
1072 1900 1127 1964 Et·
1154 1923 1258 1987 quam

171 2005 335 2091 sapienter
370 2014 501 2090 tempus
535 2001 695 2077 adventus
727 2025 796 2070 non
824 2003 989 2087 definivit,
1025 2017 1064 2070 ut
1087 2029 1256 2094 semper

171 2105 586 2196 chinianissigitandnm
608 2131 680 2174 esse
701 2109 854 2176 doceret?
879 2115 921 2193 ¹).

284 2275 408 2402 Opinio
428 2315 507 2380 haec
529 2314 570 2379 de
591 2315 724 2382 Christo
742 2339 824 2384 mox
844 2317 999 2384 redeunte
1013 2302 1167 2404 quantum
1186 2335 1255 2381 va-

170 2415 268 2485 luerit
284 2419 320 2484 in
338 2418 425 2485 orbis
448 2419 615 2487 christiani
635 2421 839 2508 primordiis,
867 2445 982 2488 omnes
1002 2425 1048 2490 N.
1065 2425 1109 2489 Ῥ.
1124 2421 1257 2511 episto-

169 2713 173 2719 ,
207 2662 247 2732 ·1)·
258 2659 297 2718 ci.
312 2657 450 2718 'sehon
475 2679 624 2722 comment·
646 2671 677 2723 in
701 2687 750 2723 eos
774 2669 1009 2742 Jesu'sermones
1032 2673 1082 2740 qui
1105 2669 1139 2723 sle
1158 2669 1259 2730 reditu

132 2769 136 2777 ¹
239 2755 423 2822 ejus-agunt
439 2755 501 2814 Jen.
520 2763 600 2820 1820·
624 2761 804 2830 quiquidem
829 2765 872 2814 vir
897 2761 994 2814 doctus
1012 2772 1113 2836 putat,
1127 2761 1260 2816 reditum

242 2841 535 2912 carnuntensem
552 2839 589 2903 de
606 2851 735 2905 omnibus
753 2853 938 2906 exercendum
945 2869 1062 2920 prorsus
1076 2853 1259 2924 distinguen-

173 2997 177 3008 ι
227 2930 312 2986 “dum
337 2949 398 2987 csse
424 2947 583 3005 atempors
608 2940 712 2994 excidii
739 2942 1012 3008 Hierosolymorum·
1070 2938 1157 3009 Quor
1179 2941 1254 2996 mihi

244 3023 358 3092 quidem
381 3028 547 3094 persuadere
571 3048 630 3084 nou
653 3049 777 3108 possum·
821 3024 892 3088 Nam
914 3033 997 3088 lesus
1022 3029 1123 3088 Matth.
1141 3040 1259 3100 24,15.

141 3157 144 3167 .
175 3095 200 3132 Ι·
243 3113 386 3169 Romanos
403 3117 599 3188 Hierosolyma
622 3121 766 3176 diruturos
783 3139 840 3176 non
858 3122 938 3188 dicit3
966 3122 1014 3176 sed
1040 3123 1119 3178 urbis
1143 3137 1263 3182 sauctae

246 3209 354 3259 eversio
371 3220 413 3262 est
429 3217 546 3280 tantum,
560 3211 747 3276 calamitatum
769 3213 923 3268 adveutum·
940 3215 1060 3269 Messias
1083 3217 1266 3283 praeceden-
1309 3233 1310 3242 ¹

178 3299 181 3304 '
245 3297 319 3346 tium
342 3305 406 3364 pars
429 3299 577 3368 quaedam3
601 3313 676 3355 certe
700 3302 755 3356 hoc
778 3305 840 3358 solo
866 3305 983 3357 consilio
1006 3306 1066 3371 ejus
1088 3307 1194 3358 mentio
1213 3306 1267 3366 fit.
1309 3295 1310 3298 Ἴ

247 3383 422 3441 calamitates
440 3399 534 3442 autem
550 3379 601 3443 ha's
617 3408 681 3444 cum
697 3393 789 3446 reditu
807 3391 913 3448 Christi
930 3405 957 3446 et
974 3395 1079 3461 judicio
1097 3399 1265 3454 arctissime

247 3476 409 3542 conjunctas
427 3480 588 3549 cogitandas
608 3484 683 3541 esse,
708 3495 735 3536 et
751 3489 812 3552 ipse
829 3485 910 3540 docet
927 3484 1097 3554 Matthaeus,
1119 3499 1149 3541 et
1169 3485 1263 3554 Apo-

181 3599 185 3628 ,
247 3566 369 3633 eclypsis
386 3580 521 3623 monstrat
537 3582 565 3624 et
582 3581 660 3626 totus
675 3573 773 3641 probat
789 3574 961 3628 ludaeorum
985 3588 1012 3629 et
1029 3575 1268 3636 Christianorum

246 3657 332 3722 primi
351 3657 455 3710 saeculi
481 3664 645 3728 opinionum
663 3676 822 3718 concentus
864 3664 948 3736 Quod
971 3679 1062 3720 autem
1084 3681 1168 3750 porro
1195 3669 1269 3727 Vis·

247 3741 276 3798 S.
296 3746 369 3797 Ven
386 3758 480 3814 putat,
510 3747 601 3800 futuri
624 3759 758 3819 temporis
782 3756 981 3828 descriptiones
1008 3756 1058 3808 has
1083 3731 1187 3825 Martii.
1210 3768 1263 3822 24.
1308 3821 1309 3834 χ

247 3843 293 3894 25
320 3841 471 3904 proprio
495 3853 600 3891 sensu
630 3839 826 3913 intelligendas
849 3863 925 3912 esse,
949 3851 987 3902 ita
1011 3855 1255 3904 utentes-c
1308 3835 1309 3840 ¹

247 3923 328 3978 nobis
353 3927 521 3980 credendum
545 3935 582 3983 sit
610 3932 720 3986 solem
745 3935 944 3990 obscurum
969 3935 1107 3990 factum
1129 3939 1195 4003 iri,
1229 3890 1270 3997 iti

247 4017 389 4083 quomodo
407 4017 506 4070 collata
524 4015 713 4089 Apocalypsi,
730 4043 801 4094 qnae
817 4027 892 4081 idem
908 4027 1001 4080 l'usius
1020 4031 1152 4096 exponit,
1170 4037 1272 4088 statui
1308 4017 1309 4024 ἵ

249 4113 338 4174 possit
357 4127 413 4162 raon
438 4121 559 4175 apparet.
602 4107 634 4163 Si
657 4115 685 4164 in
709 4111 881 4185 'Apocalypsi
901 4121 1037 4188 imagines
1056 4123 1273 4194 conspicimus,
1308 4173 1309 4178 ,

247 4197 320 4250 haud
339 4199 422 4254 dubie
441 4203 524 4252 etiarn
542 4200 610 4254 lesu
629 4217 770 4258 sermones
788 4221 823 4260 ex
841 4205 886 4258 lais
904 4200 1177 4282 interpretabimur.¹
