2786 4858
232 341 275 418 II.
302 339 479 412 Visiones.
529 339 589 456 lll.
604 319 645 426 ¹2,
665 288 756 420 dts.
781 339 870 433 Cape
886 285 1002 435 2024·
1077 351 1153 430 299
1205 283 1214 304 *

82 545 179 604 rum,
199 517 228 610 ἦ
243 521 434 608 οἰκουμένη,
446 519 487 586 cf,
509 522 548 586 ad
564 531 622 601 16,
644 527 729 604 14),
746 521 844 608 qnod·
856 522 894 585 iu
913 521 1006 588 libro·
1020 521 1085 586 hoc¹
1103 521 1155 586 rei
1236 571 1239 578 .

82 612 273 678 christianae
294 631 421 694 semper
444 610 639 756 opponitur(
659 621 728 672 tum
746 601 839 673 fracti
860 619 892 670 et
913 609 994 674 victi
1015 609 1156 692 provin·-

83 701 164 774 cias3
205 699 283 758 hinc
313 717 386 756 cunt
412 717 480 756 non
505 719 570 759 tun·
587 698 627 776 ¹ab
656 697 801 762 omnium
827 695 1000 760 homiuum
1029 695 1156 778 impetu
1233 725 1236 746 t

94 779 257 864 nalevolo·
272 793 377 844 tutum
407 781 452 841 sit
476 779 673 862 Messienum
700 803 854 860 regnum,
886 781 923 842 in
949 781 1014 843 flue
1043 779 1156 842 mundi

82 808 216 934 baianas
237 866 378 930 vinculis
399 867 525 928 solutus
539 879 658 946 ,gentes
680 867 833 929 interrae
849 864 954 949 plagis
972 866 1155 926 remotissi-

83 958 146 1020 mis
165 957 258 1028 sitas,
278 953 476 1037 quibuscum
495 955 585 1014 nulla
605 973 745 1037 unquam
766 971 824 1014 nec
839 950 992 1028 ‚Romano
1013 951 1156 1034 irnperio
1222 985 1226 990 ·

82 1065 142 1117 uec
169 1059 276 1119 regno.
300 1038 478 1101 christiano
506 1039 541 1102 ei.
569 1037 750 1101 succedenti
779 1039 914 1100 societas
941 1046 973 1096 e't
988 1038 1156 1116 'cognatim

85 1127 125 1194 ad
156 1127 277 1188 bellum
304 1124 423 1186 sanctis
453 1132 485 1190 et
512 1123 567 1184 vel
590 1122 831 1202 Hierosolymis
861 1121 953 1202 regn-i
974 1121 1045 1184 sedi
1066 1116 1157 1184 infe-2
1220 1173 1224 1183 .

84 1213 220 1278 rendum
239 1207 377 1272 seducet.
430 1205 556 1271 Horum
585 1230 663 1274 veru
684 1219 799 1274 cortatu
819 1207 990 1276 temerario
1010 1219 1042 1270 et
1062 1202 1157 1270 nefa-

1 1360 2 1363 ,
86 1296 137 1360 rin
177 1301 326 1381 represso
367 1305 398 1356 et
424 1291 553 1358 Satanas
587 1295 745 1380 impiique
772 1305 876 1362 terrae
905 1293 1006 1356 totius
1035 1314 1184 1369 ornnes,⁴

1 1439 2 1448 ,
85 1394 258 1470 postquam
277 1375 396 1442 frustra
414 1379 480 1463 piis
501 1382 686 1465 perniciem·
698 1389 884 1442 struxerunt
904 1379 1064 1464 perspecti
1078 1380 1157 1453 satis

86 1480 161 1532 sunt
182 1477 275 1552 atque
296 1470 580 1550 poerras'surnrnas
601 1467 822 1540 cumularunt,
863 1475 896 1527 et
929 1465 1024 1526 finito
1058 1465 1158 1526 simul
1205 1471 1206 1484 ¹

86 1552 201 1616 mundi
229 1571 385 1623 antrorum
415 1551 504 1628 cyclo
526 1546 684 1647 judicium
695 1549 743 1612 -de
765 1549 913 1612 ormtibus
926 1549 1062 1612 institui
1092 1551 1173 1612 im-·
1228 1581 1232 1607 ,ι

88 1639 200 1723 piique
227 1638 264 1698 iu
288 1636 520 1720 sempiternum
549 1659 567 1700 a
587 1638 653 1724 piis
674 1635 808 1714 ¹arcendi
829 1647 863 1698 et
881 1634 1041 1722 puniendi
1062 1635 1159 1700 ilam-

88 1725 152 1788 mis
175 1721 258 1790 tradi
277 1719 425 1808 possunt.
1128 1731 1130 1736 ·

96 1851 99 1856 ¹
174 1863 272 1950 Spem
290 1863 383 1945 regni
404 1851 501 1962 hujus
521 1857 669 1928 milliarii
690 1863 774 1930 inter
793 1863 881 1930 N.T·
903 1863 1077 1950 scriptores
1099 1885 1159 1928 va-

86 1961 136 2014 tes
156 1962 266 2013 noster
288 1952 377 2013 solus
399 1947 608 2013 adumbravit.
658 1952 738 2014 Nam
760 1951 857 2014 ceteri
878 1945 1069 2034 scriptores,
1102 1950 1160 2037 qui

88 2037 240 2114 disertius
260 2037 370 2122 paullo
391 2031 556 2121 fusiusque
578 2059 684 2098 rerum
703 2039 738 2103 in
757 2039 822 2100 fine
836 2035 947 2114 mundi
962 2037 1159 2118 ultimarum,
1190 2067 1200 2088 a

88 2123 193 2210 qualis
215 2121 456 2208 exspectabatur
475 2123 734 2208 sperabaturque,
765 2123 882 2185 seriem
903 2133 1067 2196 enarrant,
1101 2144 1159 2185 nec

88 2205 186 2270 mille
210 2228 311 2270 annos
344 2227 484 2291 unquam
504 2200 716 2284 memorant,x
737 2231 816 2284 nec,¹
840 2207 926 2295 quod
955 2208 1009 2289 vel
1036 2202 1160 2304 majore

89 2287 159 2390 jure
181 2305 366 2378 exspectes,
386 2293 460 2378 pios
475 2293 581 2378 prius
601 2287 776 2390 judicatum
806 2295 850 2355 iri
871 2295 960 2356 etin
981 2293 1084 2354 vitam
1106 2315 1161 2356 re-

91 2385 223 2440 vo‘catos
244 2381 282 2451 ln'
304 2389 387 2440 terra
393 2370 481 2526 fljann
506 2382 724 2464 praemiorum
753 2379 941 2466 coelestium
960 2369 1081 2473 justum
1103 2377 1162 2444 de-

92 2463 247 2526 libaturos
277 2485 346 2536 esse
375 2487 392 2526 a

91 2561 111 2620 1
135 2547 208 2612 Gor.
237 2560 287 2626 15,
308 2559 445 2622 23—28.
483 2563 500 2620 1
523 2549 671 2622 Thessal.
691 2555 721 2626 4,
747 2560 883 2622 15·-17.
914 2563 936 2622 2
959 2549 1108 2613 Thessal.
1130 2563 1160 2628 1,

91 2644 399 2712 5-10·2,3-12.
421 2635 493 2725 (nec
514 2631 680 2698 referenda
703 2637 765 2698 hnc
788 2637 916 2698 videtur
935 2629 958 2720 ἡ
980 2627 1162 2720 ἀνάστασις

90 2717 316 2787 ructaretur
346 2719 422 2784 Luc.
452 2723 501 2798 14,
523 2721 574 2792 14.
597 2731 648 2804 15.
676 2721 729 2783 cll.
755 2716 899 2798 Aemi,
924 2721 990 2799 15.)
1033 2719 1161 2801 Vulga-
1202 2751 1209 2772 ι

90 2806 158 2868 tior
170 2807 279 2886 igitur
294 2806 379 2868 inter
392 2805 530 2870 ludaeos
549 2828 648 2892 aeque
664 2809 789 2890 priores
801 2829 835 2868 ac
848 2804 1053 2874 Christianos,
1064 2803 1162 2892 Apo-

89 2891 251 2954 stolorum
273 2903 374 2956 aetate
393 2893 472 2954 haec
493 2885 554 2960 fuit
572 2895 704 2978 opinis,
737 2891 886 2968 Messium
908 2895 1081 2956 interram
1103 2894 1161 2956 ad·-

90 2979 280 3039 venientem
300 2979 409 3040 statim
432 2977 471 3040 de
493 2981 640 3049 omnibus
659 2971 889 3073 judicaturum,
920 2979 1041 3063 impios
1064 2982 1164 3064 puni·-

89 3073 200 3148 turum
221 3074 313 3148 atque
344 3064 418 3148 pios
443 3063 480 3124 in
507 3065 675 3126 meliorem
703 3062 858 3128 mundum
887 3064 963 3126 vitii
996 3069 1101 3138 omnis
1131 3076 1164 3128 et

91 3149 198 3210 manci
219 3157 398 3244 expertem*
413 3148 639 3212 translaturum
661 3170 732 3212 esse
755 3147 796 3228 ¹).
847 3147 917 3212 Imo
954 3171 1045 3237 spem
1065 3151 1164 3235 illam

129 3293 158 3356 1)
188 3293 246 3346 Nec
274 3291 345 3345 libet
369 3293 477 3346 Enochi
503 3303 531 3348 et
548 3297 636 3353 tEsr.
654 3295 731 3347 rnille
757 3310 893 3346 annorum
916 3308 1034 3362 regnum
1051 3304 1164 3346 norunt·
1230 3343 1236 3352 ,

163 3365 279 3418 Nullum
292 3364 480 3432 Apocalypsin
494 3372 566 3420 inter
584 3378 611 3418 et
629 3368 751 3434 reliquos
767 3367 802 3420 N.
814 3366 848 3417 T.
866 3369 1027 3430 scriptores,
1043 3367 1165 3418 Paulum

165 3441 327 3504 praecipue,
346 3437 495 3489 discrimen
513 3455 578 3490 rere
595 3441 730 3499 inveniri,
757 3448 820 3504 post
837 3435 984 3488 Bertlroldt
1002 3435 1164 3510 christolog.
1195 3462 1198 3468 ·

165 3522 194 3574 p.
209 3514 271 3567 179.
289 3514 350 3568 191.
369 3524 460 3574 nuper
482 3509 670 3562 demonstrare
695 3514 808 3560 annisus
832 3519 874 3560 est
897 3510 923 3560 J.
942 3509 973 3556 F.
993 3505 1116 3558 Flauius
1133 3513 1165 3560 in

86 3611 90 3616 -
167 3594 269 3629 comm.
296 3579 447 3646 peculiari:
477 3583 666 3632 annotationes
695 3577 728 3630 ad
753 3581 847 3631 locum
866 3578 946 3630 Pauli
964 3576 1017 3644 Ap.
1035 3578 1192 3636 1Thessw‘

134 3663 138 3668 ·
164 3649 215 3703 Ν.
233 3653 276 3706 16.
295 3665 317 3706 s.
337 3651 402 3706 coll.
421 3665 485 3701 cum
502 3649 592 3718 Apoc.
610 3651 677 3704 XX·
695 3655 724 3701 in
743 3665 840 3720 opusc·
860 3651 919 3716 ejus
938 3648 1014 3702 acad.
1033 3647 1074 3699 ed.
1090 3648 1124 3700 G.
1134 3651 1165 3703 F.

93 3738 96 3746 ·
169 3717 302 3774 Siiskind·
321 3719 540 3788 Tubitrg.1826·
564 3727 759 3790 pilli-433·
809 3721 862 3774 Sed
888 3737 952 3772 eum
970 3719 1023 3772 hoc
1040 3724 1097 3770 noir
1116 3719 1165 3771 de-

167 3803 335 3844 monstrasse
355 3791 505 3845 discrimen
516 3807 647 3861 apertum
667 3797 749 3844 anxie
767 3794 916 3851 celantem,
939 3809 995 3842 non
1012 3789 1165 3854 tollentem,

165 3860 309 3914 fatendum
326 3874 377 3913 est·
411 3865 577 3934 Frustraque
594 3869 708 3916 omuino
726 3863 845 3928 laborat,
870 3869 919 3932 qui
935 3880 1004 3930 qnae
1022 3864 1092 3913 varii
1105 3875 1166 3927 spe-

167 3941 280 3996 rarunt,
308 3933 340 3984 ad
360 3936 535 3989 concordiam
556 3941 587 3988 iu
605 3939 724 4004 singulis
743 3941 877 4007 minutam
895 3951 1024 3986 revocare
1043 3943 1167 3984 conatur.

166 4005 208 4056 Ita
226 4003 332 4068 Paulus
351 4023 420 4072 quae
439 4005 473 4059 de
496 4008 598 4058 Messia
624 4021 656 4058 ut
675 4008 720 4058 dei
741 4008 832 4075 legato
850 4019 914 4073 post
932 4004 1160 4058 mundntnsalut'

169 4090 234 4126 suae
253 4076 392 4128 redditum
411 4075 586 4146 officiumque
604 4095 684 4137 suurn
712 4083 749 4128 ita
768 4077 921 4145 perlectum
938 4078 1048 4131 tandem
1066 4076 1118 4128 deo
1137 4091 1150 4126 s

170 4145 334 4212 subjiciente
351 4149 436 4200 tradit
453 4148 541 4206 tcor.
560 4153 603 4210 15,
621 4153 743 4212 234-28,
766 4149 950 4217 Apocalypsis
968 4162 995 4200 et
1013 4154 1122 4214 ignorat
1141 4163 1152 4198 s

80 4234 82 4246 ·
169 4230 260 4272 satem
289 4217 334 4272 vel
357 4223 398 4272 sic
420 4217 569 4272 credidisse
596 4235 647 4271 uos
672 4231 703 4272 ut
730 4215 871 4274 credamus
888 4237 946 4274 nou
963 4220 1083 4272 adducit.
1125 4219 1152 4271 E

417 2476 550 2540 nunant,
576 2464 692 2528 ttjtarth.
713 2467 773 2541 24,
794 2471 931 2538 29-31.
953 2475 1005 2539 25,
1022 2469 1161 2536 31-46.
1260 2533 1262 2542 ,
