2622 4862
187 373 234 442 De
260 359 418 443 fontibus
438 367 611 437 materiae
638 375 674 432 et
697 363 873 482 dictionis.
1020 384 1069 469 35

33 529 119 638 (del
119 555 230 622 mannis
259 566 369 652 tamen
391 513 545 640 Apostoli
574 531 732 614 sententia
761 548 803 614 ci.
832 551 1072 643 §.10)dep1e·

35 663 143 729 bendere
167 681 228 726 non
254 659 354 727 liceat.

96 882 123 942 2.
147 867 276 934 Dictio
286 866 350 930 nis
384 861 510 944 iontem
543 884 610 927 non
642 873 770 928 tantum
802 885 845 928 ex
874 867 982 952 operis
1012 869 1068 933 in-

32 973 92 1036 dole
115 971 153 1056 (t.
162 985 185 1046 1.
203 975 254 1056 ρ.)
289 969 526 1059 prophetarum
555 963 705 1050 priorum
738 967 857 1054 scripta
885 969 920 1033 in
954 969 1000 1035 V.
1023 971 1068 1038 T.
1108 1001 1115 1018 ν

38 1089 159 1142 asservata
175 1077 301 1156 habuit,
330 1071 475 1138 Danielis
496 1069 701 1158 potissimum
728 1069 867 1153 librum,
894 1073 951 1138 sed
971 1075 1067 1142 vide-

40 1192 80 1244 tur
94 1181 167 1246 etiarn
183 1196 292 1246 vatum
315 1181 371 1266 qui
391 1189 468 1266 post
488 1176 577 1243 huno
597 1174 717 1240 librum
739 1177 919 1244 visionibus
936 1183 1066 1270 scriptis

34 1286 154 1370 populum
180 1285 414 1374 admonebant,
445 1279 548 1348 libros
577 1280 708 1366 legisse3
747 1295 835 1348 certe
870 1286 958 1352 inter
990 1289 1067 1354 He-

5 1387 11 1404 *
33 1389 105 1453 nochi
126 1390 232 1455 librrun
262 1403 296 1454 et
319 1385 548 1474 Apocalypsin
574 1394 664 1448 tanta
686 1383 858 1454 intercedit
877 1391 1066 1476 similitudo,

31 1507 58 1558 ut
77 1508 216 1561 auctorem
243 1495 301 1560 vel
321 1492 412 1556 huuc
433 1491 487 1554 uel
513 1487 630 1553 similes
651 1489 706 1553 ilio
726 1499 876 1578 tempore
895 1497 1067 1583 prodeun-

29 1609 64 1662 tes
81 1603 184 1683 (nunc,
213 1595 301 1688 quod
324 1593 500 1662 dolendum
522 1603 588 1670 est,
622 1615 730 1682 paene
750 1597 821 1660 sine
844 1601 984 1688 uestigiis
1005 1603 1066 1668 de·
1108 1683 1111 1686 Ι

29 1704 152 1788 perditos)
175 1706 272 1781 libros
301 1700 416 1794 legisse
446 1707 610 1784 appareat.
658 1699 826 1768 Praeterea
854 1716 961 1770 eutem
986 1709 1067 1794 plu-

30 1806 89 1871 rima
110 1831 145 1873 ex
164 1810 360 1874 ludaeorum
381 1827 449 1870 non
471 1815 537 1868 tam
560 1803 689 1889 scriptis
709 1826 807 1892 quam
824 1799 952 1876 ‘scholis
964 1875 967 1882 ,
981 1811 1067 1876 hau-

37 1909 65 1972 sit
78 1925 161 1978 auctor
181 1911 355 1978 eruditus·
390 1910 446 1976 Ex
472 1905 621 1994 piurimis
643 1908 731 1972 enim
752 1909 877 1979 indiciis
906 1917 982 1982 satis
1003 1937 1066 2004 ap·
1137 1951 1140 1966 ι

38 2025 112 2096 paret,
134 2039 203 2082 eum
232 2039 351 2080 arcana
378 2013 626 2080 Pharisaeorum
652 2022 684 2076 el
709 2013 969 2084 Kabbalistarum
997 2021 1067 2086 dis-

39 2110 116 2202 ciplina
130 2123 207 2188 haud
230 2123 349 2188 leviter
369 2117 595 2198 imbutum,
585 2139 652 2182 imo
678 2119 713 2184 in
736 2121 978 2206 Palaestina,
968 2127 1067 2226 ipsis-

33 2241 76 2304 que
96 2227 294 2312 probabiliter
318 2223 559 2310 Hierosolymis
592 2219 844 2291 esaieerdotum
873 2228 976 2316 stirpe
1004 2253 1067 2294 na·
1112 2263 1116 2270 ·

31 2335 80 2391 tum
95 2342 119 2394 et
137 2333 323 2413 educatum,
359 2339 391 2392 et
411 2327 631 2392 Israelitarum
651 2349 720 2393 non
748 2341 878 2398 tantum
898 2321 1066 2398 historiam

31 2435 152 2520 antiquam
189 2437 251 2505 sed
289 2433 433 2518 linguam
468 2431 565 2496 eti'am
604 2425 674 2498 tum
712 2435 870 2524 temporis
902 2435 1014 2522 paucis
1048 2460 1067 2502 e

30 2535 95 2618 plebe
110 2552 310 2629 perspectam
334 2536 457 2623 optime
478 2534 576 2600 fuisse
597 2537 759 2608 edoctum.
800 2542 896 2606 Licet
925 2541 1041 2607 hacc
1030 2566 1067 2608 111

31 2639 124 2728 singulis
149 2649 277 2736 optime
304 2643 546 2723 demonstrere3
578 2641 749 2710 sufficiant
770 2643 823 2710 bic
852 2667 954 2734 pauca
985 2669 1067 2733 quae

34 2761 130 2828 utquun
131 2775 184 2816 ur.
230 2753 267 2830 1)
295 2745 491 2865 Quanquam
521 2757 633 2811 auctor
644 2746 703 2810 ''de
731 2748 896 2816 Romanis
915 2753 1068 2838 loquitur,

36 2844 82 2908 lib
66 2871 85 2913 u
105 2855 207 2944 scripti
237 2865 389 2938 tempore
417 2852 493 2970 ipse
512 2850 646 2945 procul
655 2849 795 2916 dubio
785 2875 822 2920 1n
848 2855 929 2922 Asia
957 2858 1067 2944 potius

32 2950 114 3022 minori
139 2980 278 3024 versans
307 2977 404 3042 quarn
432 2957 468 3022 in
493 2951 691 3038 Palaestina,“
718 2967 829 3028 tamen
859 2959 1067 3078 imagines
1142 2989 1144 2994 ·

29 3054 178 3134 locorum
211 3087 257 3128 ex
287 3063 356 3150 ip'sa
376 3063 553 3128 Palaestina
579 3061 692 3126 ductae
722 3073 799 3128 sunt
826 3065 947 3184 quippe
967 3087 1067 3152 quam

31 3167 114 3230 terram
132 3171 234 3234 solam
262 3166 331 3233 iere
352 3166 435 3230 hene
465 3177 578 3246 norat3
611 3176 803 3252 secutusque
824 3171 928 3262 estin
948 3170 1069 3236 haere

5 3261 78 3331 ·Heb
63 3268 219 3340 hraeorum
243 3272 392 3337 omnium
420 3269 722 3350 Palaesimundum,
759 3273 920 3340 seriorum
948 3275 1158 3363 impet-1

30 3372 231 3454 1humorem
264 3378 412 3446 omniae
439 3399 496 3444 sua
522 3387 610 3440 terra
637 3374 852 3444 metientium.
904 3381 953 3446 Ita
975 3403 1068 3468 reges

29 3481 161 3550 larsem
190 3483 355 3572 speluncis
389 3481 459 3548 sese
491 3479 632 3546 condeio
663 3477 810 3567 fingit6,
834 3489 886 3554 15
906 3491 947 3556 16
978 3489 1071 3572 quasi
1101 3533 1108 3542 ·
1145 3491 1163 3500 ”

30 3597 107 3651 omnes
143 3601 253 3656 ternae
290 3584 424 3654 Palaest‘
401 3571 487 3652 unae
519 3587 620 3652 instar
658 3585 867 3674 conlrsgosae
907 3579 1071 3676 speluncis

35 3686 109 3763 quibus
147 3697 183 3760 se
214 3695 333 3760 abdere
366 3693 460 3758 liceat
494 3705 692 3774 scaterent3
711 3693 821 3760 Italiae
854 3690 908 3759 v'el
934 3695 1072 3762 aliarum
1174 3717 1186 3732 ¹
1214 3721 1217 3732 ·

30 3794 155 3866 tenerum
186 3777 329 3890 spatium
350 3819 402 3862 ,ex
428 3797 622 3896 Palaestinae
648 3796 767 3866 finibus
796 3799 940 3865 metitur
957 3807 1008 3883 14,
1028 3813 1072 3876 20

27 3906 362 3992 amplae-campum,
395 3925 459 3989 quo
482 3903 591 3968 hostes
612 3903 776 3991 peregrini
796 3904 995 3988 vincuntur,
1028 3929 1073 3972 ex

25 4003 124 4090 antiqua
161 4009 382 4074 israelitarum
422 4009 557 4074 historia
595 4007 849 4096 Harmageddon
889 4017 987 4074 vocat
1022 4019 1074 4092 16,
1192 4009 1195 4012 ¹
1271 3993 1275 3998 ¹

28 4109 59 4172 li·
97 4113 129 4192 2)
151 4111 207 4176 Ad
228 4113 387 4196 judaicae,
413 4131 494 4196 quae
514 4111 616 4177 serius
638 4113 900 4180 Kabbalistarum
920 4115 1075 4202 nominass

28 4210 74 4288 lli,
100 4214 225 4282 scholae
247 4217 429 4284 doctrinam
448 4227 515 4284 tam
539 4236 644 4306 prope
665 4219 1011 4308 acceditauctor,1ut
1040 4223 1075 4286 iu

792 4321 801 4370 ,⁴
840 4327 917 4416 (th
