2546 4868
19 386 185 458 Visiones.
209 375 276 447 III.
296 387 333 456 2.
356 371 399 442 Β.
415 383 450 452 3.
465 393 497 484 ⁰⁶.
509 392 548 461 γ.
570 355 658 461 Gap.
673 337 737 456 Ii,
756 347 900 445 8-1t·'
945 366 1020 452 269
1048 373 1083 395 ’“
1176 485 1180 494 ¹
1251 481 1255 492 ι

14 592 38 632 a
54 565 222 653 propulerat
244 557 383 624 caedem
403 552 602 627 machinata,
631 545 933 634 comprincipibus
953 547 1025 612 Ro·
1060 543 1070 630 ¹,

14 656 65 716 niis
96 649 215 713 summis
243 669 310 719 seu
337 641 521 730 provinciis
550 631 720 724 praefectis
748 635 918 712 everterit,
951 659 1024 701 cum

14 741 62 800 riis
83 759 100 799 a
119 735 223 800 Messio
245 725 475 802 devincendoa
497 718 539 786 cs.
561 724 592 807 ᾗ.
612 729 645 791 7·
665 744 698 806 p·
720 726 858 790 47—50.
889 733 922 783 et
937 741 1023 817 ,quae
1094 761 1096 768 ·
1129 742 1156 806 ,¹

14 827 41 884 bi
59 824 170 885 monita
186 831 276 882 sunt.
332 813 448 876 Bellua
477 810 594 890 igitur,
627 825 806 892 quenquam
832 804 1026 890 Imperzum

14 923 151 970 rotonum
165 925 243 968 cnm
253 894 256 900 ’
267 889 548 986 Imperatoritur
565 888 739 967 omnibus,
760 891 816 951 hic
829 904 934 962 tamen
949 914 1028 972 gra-⁶

14 997 125 1054 asiruum
147 991 269 1076 potius‘
291 997 329 1048 et
355 983 526 1056 ultimum,
562 968 739 1042 Neronem
773 972 1028 1056 Antichristum,

15 1089 108 1152 notat3
125 1075 201 1138 unde
224 1083 326 1135 vates
349 1071 387 1131 ab
407 1069 506 1130 initio
528 1064 639 1126 statim
658 1083 691 1123 v.
711 1073 744 1131 8.
764 1072 886 1125 metum
915 1085 1029 1150 speru-

14 1185 35 1224 ιο
50 1165 124 1224 illam
139 1163 184 1222 ita
207 1157 399 1244 eloquitur,
429 1163 466 1216 ut
481 1146 625 1231 belluam
654 1146 694 1210 de
717 1142 924 1212 Antichristo
953 1152 1031 1213 sole

14 1249 120 1328 telligat.
159 1243 298 1308 Deinde
321 1253 429 1304 tamen
449 1239 529 1300 haec
550 1232 680 1296 uberius
700 1233 909 1318 expositurus
926 1247 961 1298 et
973 1249 1032 1298 ate.

17 1336 72 1396 luta
90 1333 228 1418 capitum
252 1345 473 1410 cornuumque
495 1341 574 1408 quae
589 1319 714 1384 belluae
736 1329 771 1380 ut
792 1316 936 1404 Imperio
957 1321 1028 1384 Ro·

14 1429 123 1494 1n013,
145 1429 175 1486 1.
198 1415 339 1478 dederat
366 1410 452 1472 haud
479 1404 671 1488 negligenda
697 1402 812 1466 videns
847 1411 919 1490 ipsa
949 1409 1029 1470 haec

14 1505 103 1566 ributa
116 1503 250 1564 uberius
277 1501 325 1561 sic
345 1497 502 1582 explicat,
523 1503 560 1553 ut
580 1493 623 1551 iis
644 1491 763 1574 partim
785 1490 824 1552 ad
847 1490 1030 1558 Rern-mum

14 1591 126 1671 iperium
143 1584 370 1650 denotandum
391 1582 512 1668 partim
531 1577 572 1640 ad
588 1577 763 1638 historiam
775 1575 913 1638 Neronis
927 1592 1028 1644 actam
1120 1601 1123 1617 ¹

14 1683 151 1760 tutamque
174 1669 394 1756 enarrandam
425 1662 614 1752 felicissime
639 1672 756 1722 utatur.
803 1659 967 1749 Dumque·
981 1667 1029 1726 sic

14 1771 135 1844 cseptem
154 1759 323 1844 capitibus
345 1775 379 1816 v.
400 1761 504 1825 9-11
526 1761 559 1812 et
567 1746 676 1810 decem
688 1744 836 1810 cornibus
850 1769 882 1813 v.
894 1755 1036 1820 12-tlae

14 1844 152 1926 plicandis
171 1865 234 1906 seu
258 1841 372 1928 potius
391 1835 592 1924 applicandis
611 1835 688 1913 agit,
707 1831 791 1894 haud
807 1832 886 1896 dicit
907 1856 944 1897 ea
960 1837 1031 1898 bel-

14 1947 41 1988 ae
65 1951 124 1994 esse
152 1924 307 2010 ejusdem
337 1946 432 2012 quam
459 1921 557 1985 modo
588 1919 749 1982 Neronem
782 1911 900 1982 fecerat
934 1919 1030 2008 (quae
1099 1936 1103 1948 ‘

14 2025 72 2093 ¹terte
87 2023 191 2084 secum
212 2015 362 2078 invicem
383 2008 578 2072 dissiderent
598 2016 631 2067 et
652 2011 855 2090 pugnarent),
876 2007 933 2068 sed
947 2012 1032 2092 ima·

14 2099 78 2161 inem
91 2113 208 2165 tantum
229 2117 331 2184 supra
354 2106 411 2173 13,
433 2101 528 2165 1-3.
548 2091 733 2170 inchoatam
753 2091 913 2175 explicat,
935 2095 981 2156 ita
994 2103 1031 2156 ut

14 2181 241 2273 ellna'qoaten'us
265 2184 429 2248 Neronem
449 2177 611 2260 significat
640 2178 758 2240 iterum
786 2187 823 2238 ut
856 2199 965 2240 uuum
986 2200 1030 2242 ex
1109 2189 1112 2201 '
1165 2211 1169 2221 ·

14 2279 90 2350 eptem
104 2274 250 2350 belluae,
273 2280 427 2356 quatenus
448 2263 627 2350 Imperium
646 2260 829 2326 Romanum
848 2275 949 2342 notat,
971 2285 1032 2326 ca·-
1051 2265 1053 2272 '
1096 2276 1098 2279 ’

14 2347 93 2416 tritu
111 2367 300 2446 cornpareat
319 2377 353 2418 v.
373 2363 490 2427 9-11.
531 2347 636 2429 Igitur
657 2349 687 2409 si
708 2350 817 2415 omnia
838 2348 878 2409 ad
892 2371 1032 2430 unguem

14 2453 102 2503 esecare
118 2436 219 2507 alicui
242 2443 369 2504 enlmus
392 2447 497 2513 esset,
525 2447 634 2510 vatem
655 2445 689 2495 et
708 2433 771 2494 hoc
791 2435 865 2496 loco
887 2447 920 2497 et
937 2457 1034 2521 supra
1131 2442 1134 2450 “

14 2527 118 2597 tt-rt
137 2529 208 2614 (ubi
227 2529 336 2590 bellua
352 2527 494 2613 primum
514 2519 797 2609 Imperium-dein
817 2543 917 2584 unum
938 2523 1034 2585 illum

15 2623 191 2690 operatorem
211 2615 364 2688 denotat,
394 2608 563 2673 simillima
583 2605 725 2668 fictionis
752 2606 945 2682 variatione)
980 2628 1035 2668 se-

14 2711 48 2754 nn
64 2696 161 2781 ipsum
181 2719 328 2788 pugnare
349 2695 381 2758 ei
409 2705 507 2758 esset
523 2686 706 2767 fatendum3
738 2705 770 2752 at
790 2691 880 2752 stade
902 2691 1035 2777 imagi·
1067 2708 1077 2738 ⁸

14 2769 70 2838 :ilos
87 2794 210 2850 tantum
233 2779 412 2848 formandis
435 2791 468 2842 et
481 2778 683 2864 explicandis
705 2777 758 2856 agi
774 2778 1036 2861 reputamusmi-

14 2855 45 2920 ius
60 2873 245 2950 sentiemus,
278 2891 342 2947 nec,
358 2887 471 2930 revera
491 2851 630 2926 mullum
649 2875 697 2924 est
718 2862 803 2947 quod
824 2864 893 2924 vati
912 2864 1037 2925 condo—

14 2961 93 3012 emus.
130 2947 266 3020 Poterat
285 2955 374 3018 enim
400 2963 433 3016 et
459 2949 637 3035 Imperium
658 2947 839 3009 Romanum
867 2969 940 3010 cum
966 2947 1037 3010 Im-
1088 2951 1096 2968 ‘

14 3039 164 3124 crateribus
186 3041 338 3106 omnibus
361 3051 394 3102 et
413 3036 644 3122 Imperatorem
661 3033 717 3120 qui
737 3055 822 3094 nunc
835 3035 952 3096 vivens
966 3055 1039 3096 sae-

14 3131 125 3206 tensque
145 3133 293 3192 omnium
314 3127 386 3188 loco
411 3135 478 3200 est,
500 3122 575 3208 quia
596 3140 648 3182 res
664 3130 738 3180 sunt
758 3119 953 3197 sunillirnae,
974 3141 1038 3184 una
1091 3154 1093 3170 ·

14 3195 104 3290 ellone
122 3211 264 3298 imagine
285 3212 332 3274 sic
352 3209 536 3296 depingere,
557 3215 594 3269 ut
613 3204 712 3266 modo
735 3203 819 3264 illud
838 3205 936 3266 modo
952 3201 1052 3268 hunc'

14 3287 149 3373 letificet,
171 3303 308 3386 quisque
322 3293 526 3376 'singulis‘in
545 3291 627 3352 locis
647 3290 771 3352 belluae
786 3291 836 3350 'sit
857 3311 970 3352 sensus
996 3313 1039 3354 ex

14 3381 66 3432 eru
84 3383 157 3446 satis
179 3395 323 3473 apparet,
343 3399 524 3468 quanquam
544 3378 732 3463 plerumque
744 3375 843 3438 onum
858 3377 953 3437 illum
970 3374 1041 3439 Im-

14 3465 150 3530 lecatorem
170 3470 313 3535 denotat.
355 3466 464 3550 Quam
475 3461 694 3538 difficultatem
708 3471 809 3522 tetam
823 3473 950 3548 poterat
967 3465 1042 3548 qui-

14 3527 58 3601 ¹⁸¹1]
73 3545 129 3614 hoc
150 3553 223 3620 loco
237 3537 368 3619 evitare
389 3563 499 3627 vates,
532 3550 562 3610 si
587 3548 698 3633 paullo
727 3546 866 3610 sedatius
898 3551 1040 3633 primum

14 3631 106 3706 sptem·
126 3644 232 3726 'capita
263 3641 480 3726 Imperatores
519 3635 655 3696 totidem
688 3632 868 3712 significare
901 3641 933 3696 et
965 3633 1042 3695 dein

14 3717 82 3798 titum
99 3740 137 3783 ex
155 3727 208 3790 his
229 3727 292 3791 hoc
313 3727 386 3788 Ioco
409 3721 615 3810 potissimum
635 3719 883 3798 intelligendum
903 3737 972 3780 esse
989 3718 1043 3778 di-

14 3803 104 3888 mili»
122 3807 214 3897 idque
234 3815 344 3898 ipsum
365 3824 455 3872 vates
476 3829 508 3868 v.
531 3815 563 3877 9.
596 3805 636 3866 de
657 3804 784 3884 integro
813 3805 904 3892 quasi
930 3804 1043 3888 expli7
1080 3812 1083 3820 '

14 3883 137 3953 tationem
155 3899 309 3960 inchoans
327 3878 468 3958 saisisse
490 3888 634 3954 videtur:
658 3889 714 3951 sed
737 3911 809 3952 cum
828 3889 943 3951 iudea
965 3898 1044 3964 13,3

18 3960 91 4056 ,Ilua
111 3973 280 4047 Neronem
301 3982 494 4066 simpliciter
523 3995 650 4060 semper
678 3986 845 4050 notasset,
875 3975 977 4035 oratio
1005 3975 1043 4034 ab

16 4050 89 4112 ”¹¹5⁰
107 4079 135 4123 v·
153 4077 182 4136 8.
204 4090 355 4154 praeceps
378 4067 468 4152 quasi
488 4061 527 4126 ad
550 4061 710 4136 Neronem
731 4059 948 4122 denotandum
967 4061 1046 4120 ruit.¹

15 4117 155 4232 Pmlilque
174 4175 214 4216 ex·
235 4155 298 4216 hoc
320 4155 416 4239 quam
436 4139 574 4234 scriptor
599 4147 676 4208 iniit
705 4145 758 4206 vel
789 4143 963 4207 ineundam
989 4145 1047 4223 ,in-

20 4225 88 4283 tenu
103 4236 249 4302 scribendi
272 4242 397 4304 ratittne
418 4256 523 4298 sermo
547 4233 586 4294 de
610 4231 733 4295 bellnae
756 4231 994 4310 significatione
1016 4241 1048 4291 et
