2576 4864
285 415 289 432 .
377 329 612 460 'Inteipretes
863 341 867 354 ’
985 388 1036 459 81
1131 381 1135 396 ’

9 577 42 617 os
68 543 178 640 plurimi
209 550 315 616 secuti
343 559 437 628 sunt,
468 547 588 614 bonam
619 548 693 615 libri
719 547 818 618 fldem
847 558 932 622 tueri
959 551 1043 630 bene

8 659 152 734 uudebaut3
186 679 273 744 quae
293 667 403 720 autem
422 651 461 720 ad
485 675 567 740 opus
587 657 732 741 apostolo
753 657 964 728 tribuendum
985 688 1042 730 ar-

8 776 114 842 ,umenta
140 760 336 850 proferunt,
367 781 403 826 ea
434 759 534 844 (apud
553 759 743 839 Herderum
765 775 797 828 et
817 757 1040 854 Hartwigium

8 871 176 952 tutissimum)
208 866 357 956 speciosa
392 875 425 927 et
453 863 619 949 splendida
650 864 788 947 dixeris,
816 891 895 934 vera
921 872 1039 942 babere

8 997 47 1036 on
50 975 184 1138 tlpoteris.
265 971 376 1057 Quare
412 982 523 1034 nostro
554 969 683 1090 tandem
711 991 793 1036 aevo
830 978 1038 1064 gratulemur,

8 1075 64 1160 prod
79 1071 147 1142 iuter
168 1074 238 1142 duo
259 1074 338 1139 baec
357 1093 439 1158 quae
460 1072 514 1138 diu
534 1075 624 1140 sibi
615 1075 745 1141 mimica
767 1077 810 1142 ita
831 1079 1037 1168 obstiterunt,

8 1191 26 1242 rt
42 1179 92 1246 lalsi
118 1195 148 1245 et
178 1177 261 1246 veri
294 1177 448 1264 utrinque
474 1195 557 1244 esset
577 1179 732 1290 multum,
765 1181 796 1248 id
819 1186 928 1271 potius
950 1191 1036 1280 eligit

8 1282 109 1363 taicum,
134 1283 187 1349 cui
212 1283 287 1350 falsi
308 1288 482 1370 (quantum
504 1283 565 1348 bac
586 1298 689 1352 aetate
710 1289 931 1374 antiquitatem
949 1317 1037 1360 asse-

10 1409 33 1448 ur
27 1387 118 1470 licet)
137 1401 169 1454 et
189 1387 300 1474 iniqui
320 1387 401 1452 nibil
422 1385 603 1458 admixtum
624 1403 683 1456 est.
723 1393 794 1456 Stet
813 1406 846 1458 et
862 1396 959 1464 stabit
977 1423 1035 1464 sua

8 1495 139 1562 actoritate
164 1493 273 1576 liber,
309 1491 494 1581 apostolum
527 1507 636 1560 tamen
664 1494 734 1579 ejus
760 1508 927 1568 auctorem
963 1518 1034 1571 esse

8 1613 118 1682 e.gamus

442 1813 472 1900 t·
498 1829 549 1890 11.

404 1909 582 2024 Interpretes.

53 2104 127 2177 libri
148 2111 252 2198 hujus
274 2133 386 2178 sensus
407 2109 534 2176 coaevis
553 2110 693 2176 auctoris
713 2112 788 2178 satis
810 2127 880 2182 erat
900 2122 1031 2210 perspi-

8 2223 62 2289 uu,
79 2227 113 2280 ut
129 2218 363 2306 prudentiores
387 2217 520 2293 saltem,
549 2215 605 2304 qui
625 2213 794 2281 obscurius
814 2218 939 2304 prolata
970 2226 1031 2306 (cf.
1064 2263 1069 2274 ,

8 2329 19 2376 t·
28 2325 49 2383 8·
60 2325 97 2398 9.)
121 2344 163 2388 ex
191 2322 381 2389 eruditionis
409 2319 553 2403 judaicae
571 2319 708 2406 ¹ingenio
727 2323 1042 2416 interpretarentur,'

8 2433 61 2481 teo
80 2445 182 2492 errare
195 2499 200 2504 ,
213 2449 283 2492 non
309 2425 453 2513 potuisse
476 2435 603 2488 certum
624 2423 683 2490 tibi
705 2429 906 2512 persuadeas.
966 2435 1031 2500 Sed

8 2537 62 2600 pram
78 2543 206 2616 repente
229 2530 339 2595 omnia
358 2539 480 2594 mutata
501 2528 593 2590 sunt!
614 2526 722 2606 Nero,
744 2535 845 2615 qualis
859 2553 1032 2624 exspecta-

9 2637 71 2707 ratur,
89 2635 296 2701 antichristus
320 2656 389 2698 non
411 2631 553 2711 exstitit,
588 2653 649 2694 nec
677 2643 781 2699 cetera
806 2639 852 2704 ita
880 2663 1030 2728 everrere,
1059 2713 1061 2722 s
1143 2669 1144 2676 ¹

9 2734 101 2800 ituris
124 2759 325 2806 coaevorum
348 2757 422 2824 spes
442 2732 490 2799 te1
493 2733 582 2816 ebat,
618 2747 803 2825 mutataque
825 2755 893 2812 tota
914 2771 1027 2815 rerum
1090 2737 1092 2750 ¹

9 2821 55 2896 tate
70 2844 208 2911 notiones
240 2843 337 2910 simul
363 2855 406 2906 ex
430 2852 579 2926 tempore
599 2841 737 2907 auctoris
765 2858 876 2928 notae,
910 2852 1026 2936 quibus

9 2925 125 3012 instructus
144 2951 291 3038 aequales
310 2945 496 3012 cohortatus
519 2957 603 3027 erat,
615 2949 788 3032 paullatim
809 2951 1028 3021 obliteraban-

9 3041 42 3104 lll-
70 3049 168 3136 Quare
190 3052 275 3120 baud
298 3048 785 3139 muamu1‚qucdseculijam
808 3056 971 3123 secundi
962 3060 1028 3125 mi-

9 3137 29 3202 ll
46 3171 152 3224 sensum
178 3157 254 3226 libri
277 3177 343 3218 nou
357 3153 449 3238 bene
470 3129 722 3242 assequebantur
740 3157 887 3223 lectores.
938 3159 1027 3229 Cum
1073 3211 1077 3217 ·
1185 3236 1190 3246 ¹

9 3243 56 3312 ‘ssim
77 3260 138 3324 talis
167 3265 211 3328 sit
240 3262 292 3326 bic
319 3258 417 3338 libel,
452 3273 490 3326 ut
519 3273 606 3326 totus
634 3287 677 3328 ex
699 3275 856 3348 tempore
885 3269 1025 3334 auctoris

9 3359 59 3416 tatu
73 3374 101 3426 et
117 3383 311 3434 coaevorum
331 3375 459 3430 tantum
483 3367 621 3432 auctoris
642 3368 714 3432 usui
742 3369 894 3454 proximo
918 3370 1029 3436 instar·¹
1087 3401 1088 3408 ¹

9 3449 89 3528 titurus
112 3491 174 3538 non
204 3472 307 3584 possit
335 3472 397 3534 rite
419 3469 589 3556 explicari,
618 3473 679 3537 nisi
702 3471 820 3558 ubique
844 3474 1025 3560 perlectam

9 3569 111 3636 litatum
136 3563 219 3644 fieri
235 3585 360 3663 potest
365 3585 398 3638 et
417 3597 529 3640 veram
550 3575 707 3664 temporis
723 3576 857 3658 ¹'hujus
847 3579 1024 3664 rmagiuem
1089 3603 1096 3638 :

12 3659 70 3732 trino
86 3686 242 3748 teneamus
264 3678 419 3760 infixam,
441 3681 604 3765 quomodo
623 3681 745 3747 librum
759 3680 1024 3770 intelligerepota
1130 3753 1134 3756 ,
1228 3709 1232 3714 ’

12 3777 61 3836 mu
41 3787 171 3854 tseculi
199 3784 332 3854 secundi
361 3781 397 3850 et
427 3785 631 3870 sequentium
665 3789 818 3864 lectores,
855 3786 910 3869 qui
946 3806 1024 3853 cum

9 3877 84 3946 ortua
108 3911 214 3960 rerum
241 3891 322 3958 facie
341 3889 521 3976 aequalium
543 3889 682 3954 auctoris
704 3909 883 3974 eorumque
907 3911 1023 3954 neces-

10 3963 92 4050 datum
110 3993 192 4063 obliti
212 4019 293 4084 quae
316 3994 398 4062 libro
423 3995 509 4060 inest:
527 3992 567 4058 de
587 3990 684 4058 rebus
706 3993 824 4060 futuris
846 4013 930 4079 spes,
950 4016 1023 4062 eam

29 4085 110 4160 ltnet
128 4103 233 4176 eadem
255 4125 316 4190 qus
337 4101 516 4186 descriptae
533 4111 610 4164 sunt
628 4095 733 4164 forma
753 4097 814 4163 sibi
836 4099 889 4164 vel
910 4112 1023 4185 poste-

28 4201 267 4287 “spectandam
286 4207 468 4297 putarunt?
492 4207 547 4293 qui
568 4205 677 4272 omnia
700 4205 739 4271 ad
761 4202 910 4269 futurum
932 4215 1023 4279 temq

828 4321 852 4402 6
