2622 4862
180 351 226 422 De
248 351 407 422 sontibus
433 352 607 422 materiae
634 361 670 420 et
693 351 868 422 dictionis.
1003 367 1055 438 33
1152 346 1156 355 ’

26 561 85 602 non
101 536 301 624 conspirantem
322 537 424 602 serius
446 533 606 620 adjectam
636 557 721 615 esse,
755 535 891 600 rescisso
919 534 1054 605 fortasse

28 643 118 728 prioris
132 643 268 710 brevioris
289 644 439 710 clausula.
459 630 466 646 ⁸
488 640 549 706 Sed
577 642 671 728 prior
699 661 833 728 persea
861 640 957 706 etiam
989 665 1051 729 qua
1088 636 1094 654 ’

32 761 140 834 superest
162 748 255 813 lorma
284 749 355 814 sine
385 749 483 814 attera
501 745 651 833 ‚cogitari
679 745 812 848 nequit3
850 767 918 810 non
949 769 1051 834 urgeo

25 853 65 917 hic
85 853 236 939 frequentes
267 853 303 918 in
332 851 473 938 epistolis
502 861 572 926 o.2.
584 863 615 924 3.
635 851 675 916 ad
697 859 858 925 cao-221
870 853 1050 934 allusiones,

25 978 106 1039 quam
130 954 320 1048 difficultatem
351 956 393 1021 ita
419 955 533 1021 tollere
562 957 688 1042 cogitur
719 978 753 1020 v.
774 955 824 1036 d.,
855 969 894 1020 ut
922 959 1050 1039 clausu·
1166 970 1168 981 '

25 1061 82 1123 lam
97 1059 184 1146 prioris
206 1063 306 1150 partis
332 1072 407 1148 post
437 1082 466 1127 c.
478 1072 520 1134 11
549 1059 589 1125 ab
618 1062 690 1150 ipso
713 1069 845 1125 auctore
865 1061 968 1128 serius
991 1063 1052 1128 ab·
1105 1104 1107 1114 ·
1134 1094 1137 1102 ·

34 1165 125 1228 scissam
152 1188 209 1230 esse
235 1165 376 1230 fateatur
409 1165 487 1250 (qua
523 1163 701 1251 hypothesi
735 1166 810 1230 satis
846 1169 930 1233 mira
960 1171 1052 1236 alteri

30 1269 226 1334 secernendum
260 1272 351 1359 est):¹
385 1279 433 1350 at,
472 1283 569 1356 puto,
606 1279 834 1350 versus11,7
866 1275 961 1362 capiti
990 1277 1053 1342 toti

25 1373 107 1437 intime
123 1375 302 1464 implicitus,
336 1373 404 1438 imo
424 1385 532 1439 totum
555 1375 617 1440 hoc
639 1386 735 1463 caput
762 1376 860 1442 scribi
881 1401 948 1442 non
971 1393 1050 1468 pot-

21 1490 71 1542 erat
86 1477 135 1542 nisi
153 1491 253 1544 auctor
278 1480 344 1563 jam
365 1500 394 1541 c·
404 1486 522 1554 13-19
553 1477 696 1544 scribere
724 1481 871 1550 animum
899 1483 1051 1550 induxis-

20 1593 67 1659 set;
90 1582 213 1646 similiter
240 1595 343 1650 arcte,
358 1582 507 1646 cohaeret
533 1583 618 1676 ¹visio
638 1592 670 1663 7,
693 1573 768 1656 1-'4
795 1606 871 1648 cum
900 1591 1048 1666 14,1-5

19 1697 215 1784 totaque'parte
233 1689 422 1778 posteriori.
475 1687 520 1752 Et
547 1676 618 1772 (puis
640 1707 710 1750 non
730 1689 856 1770 videat,
885 1703 986 1756 totam
1007 1696 1050 1760 li-

20 1786 57 1851 bri
73 1789 203 1874 indolem,
235 1793 391 1860 ordinem
411 1814 526 1858 rerum
551 1792 807 1862 enarrandarnm
834 1811 868 1870 et
891 1819 1051 1886 progres-

24 1915 86 1973 sum,
112 1898 242 1982 partium
273 1887 454 1986 aequalium
489 1898 749 1970 distributionem
779 1901 938 1988 (§.1-3)
974 1905 1050 1972 huic

28 2001 148 2068 sententiae
170 2025 310 2092 prorsus
341 2005 492 2070 obstare?
525 2003 643 2090 integri
670 2015 779 2068 autem
801 2009 927 2090 qualem
949 2009 1051 2076 babe-

27 2123 77 2166 mus
95 2107 146 2173 libri
168 2121 283 2198 partes
310 2111 434 2197 optime
462 2109 659 2174 cohaerere?
700 2107 912 2178 Difficultates
941 2131 1049 2184 motae
1104 2115 1107 2134 ¹

23 2207 77 2273 duae
91 2227 163 2280 sunt:
195 2215 315 2294 altera,
342 2212 428 2300 quod
454 2209 543 2285 c.1'1.
562 2222 595 2275 et
616 2223 659 2294 12
678 2229 746 2276 non
772 2216 980 2302 cohaereant,
1002 2225 1049 2288 al-

19 2325 65 2377 tera
83 2322 150 2403 quod
175 2323 278 2411 priora
299 2339 375 2404 pars
408 2337 436 2378 c.
449 2327 542 2388 1-11
571 2327 646 2411 ante
677 2315 929 2408 Hierosolymae
951 2349 1049 2391 ever·
1166 2323 1169 2333 ’

19 2419 117 2506 sionem,
142 2425 304 2513 posterior
332 2445 360 2487 c.
374 2431 488 2494 12-22
519 2418 579 2484 sub
608 2421 803 2508 Vespasiani
833 2429 927 2514 regni
947 2427 1049 2496 finem
1166 2497 1169 2509 ,

19 2527 162 2614 scriptasit.
204 2533 319 2618 Quam
341 2531 513 2620 utramque
536 2535 671 2589 externa
695 2529 799 2611 potius
821 2533 927 2618 specie
948 2556 1047 2619 quam

17 2653 96 2698 revera
115 2636 269 2726 reperiri,
302 2631 389 2700 inha
418 2629 652 2696 monstrabitur
682 2631 728 2716 (ἕ.
740 2642 762 2705 7
783 2647 814 2698 et
834 2651 901 2716 not
918 2637 969 2702 ad
998 2652 1048 2722 11,

22 2747 164 2828 5·11·1)

444 2967 490 3105 ss·
532 2951 578 3107 s

154 3251 158 3256 ι
224 3185 270 3237 De
294 3177 420 3235 fontibus
444 3181 574 3231 materiae
599 3188 629 3246 ct
653 3177 792 3236 dictionis.

69 3355 132 3442 Quo
160 3355 281 3420 melius
316 3351 357 3418 de
390 3349 534 3438 origine,
578 3349 727 3432 auctore,
763 3350 915 3438 dignitate
950 3355 1048 3420 etiam

16 3445 61 3516 libri
83 3471 219 3538 constet,
260 3456 345 3522 haud
373 3454 561 3542 negligenda
595 3467 643 3522 est
677 3455 718 3520 de
749 3453 946 3538 sontibus
979 3459 1048 3542 ejus
1104 3484 1108 3492 “
1149 3511 1152 3522 .

15 3537 121 3634 quaestio,
170 3565 295 3629 Fontes
324 3573 431 3628 autem
460 3583 528 3624 uon
558 3555 680 3626 libros
691 3571 818 3626 tautum
847 3559 962 3644 quibus
999 3563 1048 3628 uti
1158 3577 1159 3582 ’
1277 3571 1280 3580 ’

19 3670 115 3737 poneris
134 3647 269 3748 auctor,
289 3669 427 3754 scriptos
449 3667 541 3748 dico,
560 3667 617 3732 sed
639 3678 747 3731 totum
768 3663 929 3730 scribendi
950 3688 1049 3752 prae-

13 3761 126 3840 sidiorum
144 3771 323 3854 ambitum,
350 3793 414 3858 quo
434 3773 610 3837 instructus
631 3770 754 3838 librum
775 3772 967 3857 composuit.

65 4002 91 4060 1
116 3989 341 4058 Materiam
372 4011 468 4074 quam
490 3989 698 4076 praecipuam
725 3988 761 4052 in
781 3988 864 4054 libro
884 3983 956 4048 hoc
984 3985 1052 4048 ela·
1085 4004 1088 4010 ·

1 4073 120 4172 thravit,
142 4094 288 4158 reditum
311 4093 431 4158 Christi
448 4094 588 4159 vindicis
610 4095 681 4160 dico
703 4107 735 4158 et
758 4095 898 4159 futuram
919 4087 1051 4176 piorum
1082 4160 1084 4168 ,
1156 4114 1158 4122 1

1 4179 179 4279 felicitatem,
214 4207 316 4262 totam
346 4221 387 4264 ex
413 4210 615 4286 temporum.
634 4201 780 4281 illorum,
820 4197 947 4282 qualern
978 4199 1054 4286 plu·
1124 4291 1127 4298 Ι

828 4318 852 4384 3

1289 499 1301 634 l
