2546 4868
138 383 142 394 ,
233 277 308 400 178
361 314 405 384 ΙΙ.
431 311 607 394 Visiones.
632 309 693 381 111.
707 323 739 390 2.
766 307 807 378 Β.
821 321 859 422 13.
882 331 962 406 cup
983 310 1070 404 Cap.
1091 319 1236 398 18,8-11,.

233 499 274 561 de
304 495 389 560 solio
422 495 561 558 firmiter
591 493 776 570 insidente,
797 497 895 572 rege,
925 491 1041 557 dieitur
1072 492 1233 565 destitui

236 605 298 646 neo
322 577 406 643 orbo
436 573 513 642 crim
541 581 564 640 i.
586 602 614 642 e.
644 581 762 640 incolis
794 575 864 664 (qui
882 571 964 660 filii
990 579 1081 641 urbis
1104 579 1225 640 dicmtu*

135 669 138 686 ¹
166 741 170 748 ,
240 691 287 748 gr.
310 669 539 749 hebr-paor·
568 677 600 726 et
631 663 875 750 impuberum
898 655 1016 738 aaut
1048 663 1228 736 destitutura

239 772 394 836 unquam
426 749 559 814 luctum
587 747 749 832 experiar
783 750 824 810 ob
852 749 974 812 incolas
1003 753 1140 812 occisos¹
1157 748 1238 808 dans

241 837 427 898 destructas.
483 833 605 896 Hausta
628 836 706 896 haec
728 854 769 896 ex
792 833 920 894 Babelis
941 836 1094 919 exemplo
1120 831 1234 900 destas

229 920 359 1000 ¹Roma
388 932 420 980 ct
448 919 519 1003 ipsa
540 939 769 1005 nonnunquam
789 920 826 980 iu
847 919 956 980 numis
978 919 1109 1004 regina
1133 909 1227 988 auditi

243 1006 365 1088 Spanb.
388 1005 426 1068 de
448 1016 565 1088 praest.
587 1015 619 1066 et
638 1025 699 1068 usu
720 1005 870 1066 numism.
895 1025 928 1088 p·
945 1011 1019 1074 401·
1042 1038 1088 1050 -
1134 1003 1175 1064 V.
1189 1009 1238 1070 8-Ῐ

166 1147 171 1158 ,
245 1087 293 1152 Ob
324 1091 401 1151 baec
429 1089 528 1166 igitur
558 1091 676 1152 scelera
704 1090 816 1174 plagae
845 1087 922 1150 illae
945 1088 1076 1152 divinae
1099 1099 1164 1152 tam
1180 1107 1229 1169 repa

243 1177 279 1237 iu
301 1195 371 1236 earn
392 1175 533 1250 irruent,
567 1187 603 1236 ut
623 1186 656 1236 et
675 1175 820 1255 regesei
841 1169 974 1270 subjecti
996 1195 1030 1236 v.
1047 1185 1081 1247 9.
1105 1187 1155 1244 10.
1173 1184 1196 1234 et
1216 1198 1230 1223 u

244 1270 367 1324 catores
394 1272 571 1348 nautaeque
601 1281 643 1322 ex
674 1253 743 1352 ejus
762 1261 890 1320 luxurie
909 1257 1036 1322 lucrum
1055 1261 1170 1340 ingens
1187 1252 1227 1316 lari

245 1357 295 1408 tes
317 1365 385 1407 non
406 1347 484 1407 satis
505 1348 631 1408 ruinam
653 1365 723 1438 epus
744 1347 882 1406 suhitam
903 1355 935 1406 et
955 1347 1117 1426 integram
1134 1355 1226 1426 stupea

82 1431 88 1438 ’
141 1439 144 1445 ’
245 1431 356 1510 lugere
383 1431 521 1514 possint.
545 1425 557 1484 ⁴,
584 1427 724 1514 Plagae
757 1427 849 1516 ejus}
887 1431 996 1577 puales
1024 1442 1104 1492 sunt
1131 1425 1227 1490 morsi

245 1516 348 1602 pestis
377 1510 433 1594 (cf.
462 1527 531 1578 not.
547 1513 593 1582 ‚ad
613 1525 645 1589 2,
666 1524 718 1584 23.
741 1521 771 1589 6,
792 1510 857 1601 8.),
905 1523 1006 1576 nctus
1039 1518 1088 1603 ob·
1111 1503 1226 1576 incolas

249 1621 371 1681 occisos
390 1630 423 1680 et
443 1640 541 1704 porro
563 1615 765 1695 occidendos,
785 1631 822 1680 ut
842 1597 919 1705 5338,
939 1616 1055 1682 LXX.
1079 1619 1197 1689 πένθος
1206 1636 1227 1699 pt

246 1705 340 1788 cipue
370 1701 409 1764 de
428 1705 513 1766 luctu
535 1715 735 1766 mortuorum
756 1704 892 1790 ponitur
907 1701 989 1768 Gen.
1010 1715 1064 1780 27,
1087 1711 1139 1775 41.
1158 1699 1227 1764 Anus

248 1801 301 1858 10.
329 1787 421 1850 Koh.
442 1797 473 1864 7,
497 1801 526 1858 1.
547 1800 579 1858 2.
610 1784 725 1871 sames
747 1798 781 1850 et
802 1787 1001 1851 incendium
1032 1793 1133 1864 (haec
1153 1783 1203 1849 fere
1218 1812 1230 1844 ¹

247 1875 463 1935 calamitatum
484 1875 631 1954 gravium
651 1873 800 1958 exempla
820 1885 853 1936 et
876 1875 1001 1954 signa,
1019 1873 1061 1937 cf.
1082 1895 1171 1960 supra
1187 1883 1229 1956 pl·

247 1969 281 2020 et
302 1958 428 2020 Barucb
449 1969 479 2033 1,
499 1966 637 2029 33-.-35.
661 1958 723 2019 Sir.
743 1967 795 2035 39,
815 1963 901 2037 29.),
929 1957 1070 2022 irruent
1095 1959 1132 2022 in
1153 1973 1206 2019 arm
1219 1975 1230 2011 ¹¹

248 2041 325 2118 die,
357 2045 527 2129 inopinato
557 2063 668 2106 omnes
700 2045 788 2106 mole
815 2065 871 2106 sua
899 2046 1008 2124 gravi,
1040 2067 1124 2130 quae
1144 2039 1227 2120 descrip

214 2203 216 2210 y
248 2131 294 2188 sic
317 2131 501 2190 continuata
523 2140 570 2190 est
591 2151 633 2192 ex
654 2127 717 2190 Jes.
735 2135 787 2205 47,
807 2139 837 2201 9.
865 2122 882 2195 ὁ
908 2128 1024 2213 κρίνας
1045 2129 1108 2215 qui
1119 2127 1187 2214 jum
1197 2121 1221 2204 ju

249 2209 343 2274 cium
364 2211 406 2275 de
427 2235 467 2274 aa
491 2211 576 2274 tulit
598 2220 776 2289 c.16.17·‚
811 2214 862 2275 cui
892 2215 984 2276 firma
1012 2208 1081 2310 jam
1109 2211 1235 2275 excidiis

250 2301 411 2360 sententia
433 2298 599 2360 declarata.
648 2297 802 2362 Praesens
821 2291 838 2364 d
858 2299 977 2382 κρίνων
999 2298 1088 2386 quod
1110 2289 1229 2376 vulgabit

193 2376 195 2394 '
247 2383 301 2443 bat
329 2382 426 2446 lectio
460 2394 492 2444 et
523 2383 697 2457 hocloco,
721 2386 786 2446 bbi
807 2383 846 2446 de
867 2386 960 2446 rebus
982 2380 1104 2447 futuris
1128 2393 1223 2444 sennut

248 2462 378 2530 facilius
397 2467 543 2544 videtur,
564 2468 822 2532 emendationem
844 2470 939 2554 sapit.
959 2503 1003 2515 -
1037 2469 1087 2538 V.
1103 2457 1229 2542 9-19d

248 2563 287 2614 ut
307 2551 428 2616 varias
446 2554 616 2622 hominum
638 2555 755 2616 classes
775 2553 928 2630 Romam,
960 2554 1036 2616 dum
1063 2565 1220 2640 repentes

249 2638 330 2698 titur
358 2637 622 2725 incenditorque,
651 2641 760 2702 acerbe
787 2641 898 2720 lugere
920 2639 1132 2716 describatur,
1162 2627 1224 2712 trab

251 2718 403 2798 minum,
423 2725 478 2809 qui
499 2725 579 2786 bene
600 2736 632 2786 et
654 2737 745 2787 extra
765 2723 882 2788 Urbem
903 2727 1024 2787 versari
1045 2737 1080 2788 et
1097 2725 1228 2796 vruinantt

171 2831 179 2836 ·
249 2828 344 2887 aegre
366 2804 451 2871 ferra
465 2810 600 2890 cogitari
615 2821 766 2895 possunt,
788 2812 904 2872 classes
918 2812 1170 2874 constituuntur:
1186 2817 1232 2881 regt

250 2914 284 2954 v·
297 2903 328 2965 9·
342 2905 393 2962 10.
414 2903 645 2956 mercatorum
665 2917 698 2957 v.
719 2903 851 2974 11-16,
873 2907 906 2958 er
927 2903 1123 2956 nautarum
1136 2915 1163 2954 u.
1177 2897 1225 2956 ll*

252 2975 379 3058 Quibus
393 2981 540 3061 partibus
564 2981 665 3041 tribus
687 2981 815 3045 similis·
829 2992 954 3044 servata
976 2991 1025 3042 est
1044 2975 1148 3042 foruna
1164 2977 1224 3038 baeu

250 3064 286 3125 in
308 3063 531 3148 descriptione,
545 3086 710 3128 causarum
736 3067 919 3128 mirationis
941 3077 974 3126 et
994 3065 1102 3127 luctus
1123 3056 1235 3150 praesit

250 3145 358 3210 redeat
379 3143 518 3210 formula
539 3141 606 3214 dud
621 3143 804 3258 μακρόθεν
820 3141 1008 3237 ἑστηκότες,
1027 3162 1059 3212 et
1079 3162 1201 3236 'quaeque
1213 3158 1230 3195 ¹³

153 3257 162 3278 ·
249 3234 305 3294 nia
327 3253 344 3296 a
369 3236 480 3296 verbis
495 3225 570 3299 ariol
592 3235 667 3300 ouoi
689 3261 711 3320 r]
732 3228 829 3310 πόλις
850 3229 874 3324 ἡ
893 3225 1024 3322 μεγάλη
1039 3237 1167 3320 incipiat
1182 3222 1236 3286 ted

252 3339 317 3466 pue
347 3313 398 3384 ότι
428 3317 491 3404 μιᾷ
514 3315 579 3404 dau
601 3321 741 3406 liniatur.
791 3320 876 3402 Ergo
907 3322 961 3382 hic
992 3323 1185 3406 stropharum
1201 3329 1224 3391 qt

274 3423 324 3464 am
344 3405 477 3485 partitio
499 3415 536 3468 et.
552 3405 780 3490 descriptionis
801 3429 851 3468 ars
879 3405 956 3474 alibi
976 3405 1070 3468 etiam
1095 3403 1139 3490 (p.
1152 3407 1235 3472 tut⁵t

250 3497 361 3548 notata
390 3490 502 3563 elucet.
562 3490 737 3578 Solentqne
772 3479 905 3556 omnine
942 3502 1030 3552 vates
1056 3501 1089 3552 et
1118 3475 1235 3578 poetae!

251 3567 357 3638 sonus
383 3575 441 3647 uti,
461 3573 548 3636 idem
569 3597 627 3661 per
650 3578 755 3642 varias
776 3580 894 3644 classes
914 3578 986 3638 lieri
1009 3577 1240 3654 demonstratum

160 3719 161 3722 ¹
251 3651 355 3720 A¹¹¹⁰⁸
377 3682 403 3720 ⁰·
418 3670 447 3726 1·
463 3669 495 3728 2·
525 3693 569 3705 ···
612 3661 704 3735 V.'9.
728 3673 778 3731 10.
813 3643 1224 3745 Stropbn.p‘rima.liegesl

251 3763 321 3806 mae
341 3745 506 3810 ,irreretrici
528 3746 682 3809 allicienti
706 3745 848 3812 devincti
870 3758 902 3808 et
931 3743 1065 3840 subjecti
1095 3743 1138 3830 (r.
1159 3741 1204 3814 3.).
1225 3749 1235 3782 ¹

250 3830 378 3890 ruinam
402 3823 471 3924 ejus
494 3828 612 3892 delient
633 3845 665 3893 et
686 3834 798 3913 lugent
813 3824 998 3920 (κόπτομαί
1014 3832 1070 3896 ἐπὶ
1086 3852 1117 3892 r.
1134 3827 1228 3902 1‚7·bl

251 3926 325 3976 sunt
359 3915 541 3998 provinciis
565 3913 733 4000 praefecti,
770 3940 850 4005 quos
873 3928 905 3978 et
927 3918 1020 3977 aliter
1042 3911 1190 4058 descripsit
1207 3921 1226 3958 u

183 4041 184 4048 ¹
241 4008 301 4074 017,
325 4007 435 4070 12-17.
458 3999 624 4067 &Romae
646 4006 797 4066 inimicos
819 4003 1029 4085 gravissimos
1054 4023 1120 4064 esse
1156 3991 1233 4085 ixit,

251 4085 356 4163 reguli
379 4087 464 4150 intra
476 4083 620 4171 ¹Imperii
638 4087 814 4166 ditionem,
837 4099 873 4150 ut
887 4085 1120 4172 Cappadociae,
1139 4067 1239 4166 Numd

233 4165 440 4256 ,Germaniae
456 4184 532 4250 otu,
554 4193 635 4260 quos
657 4176 764 4238 innuit
786 4195 912 4263 quoque
930 4182 1022 4236 tates
1042 4183 1092 4248 17,
1114 4181 1155 4242 18.
1187 4147 1262 4259 Μ,

604 4417 608 4422 ’
663 4449 676 4488 t
