<?xml version="1.0" encoding="UTF-8"?>
<!DOCTYPE html PUBLIC "-//W3C//DTD XHTML 1.0 Transitional//EN"
    "http://www.w3.org/TR/xhtml1/DTD/xhtml1-transitional.dtd">
<html xmlns="http://www.w3.org/1999/xhtml" xml:lang="en" lang="en">
 <head>
  <title>
</title>
<meta http-equiv="Content-Type" content="text/html;charset=utf-8" />
  <meta name='ocr-system' content='tesseract 3.04.00' />
  <meta name='ocr-capabilities' content='ocr_page ocr_carea ocr_par ocr_line ocrx_word'/>
</head>
<body>
  <div class='ocr_page' id='page_1' title='image "./commentariusina00ewalgoog_0169.png"; bbox 0 0 2572 4868; ppageno 0'>
   <div class='ocr_carea' id='block_1_1' title="bbox 996 101 1083 150">
    <p class='ocr_par' dir='ltr' id='par_1_1' title="bbox 996 101 1083 150">
     <span class='ocr_line' id='line_1_1' title="bbox 996 101 1000 116; baseline 0 0"><span class='ocrx_word' id='word_1_1' title='bbox 996 101 1000 116; x_wconf 81' lang='lat' dir='ltr'>t</span> 
     </span>
     <span class='ocr_line' id='line_1_2' title="bbox 1034 123 1083 150; baseline 0 0"><span class='ocrx_word' id='word_1_2' title='bbox 1034 134 1036 146; x_wconf 79' lang='lat' dir='ltr'>t</span> <span class='ocrx_word' id='word_1_3' title='bbox 1074 123 1083 150; x_wconf 66' lang='grc' dir='ltr'><strong><em>θ</em></strong></span> 
     </span>
    </p>
   </div>
   <div class='ocr_carea' id='block_1_2' title="bbox 235 292 1158 436">
    <p class='ocr_par' dir='ltr' id='par_1_2' title="bbox 235 292 1158 436">
     <span class='ocr_line' id='line_1_3' title="bbox 235 292 1158 436; baseline 0.008 -29"><span class='ocrx_word' id='word_1_4' title='bbox 235 351 307 423; x_wconf 77' lang='lat'>172</span> <span class='ocrx_word' id='word_1_5' title='bbox 385 323 431 408; x_wconf 60' lang='grc' dir='ltr'>4Π.</span> <span class='ocrx_word' id='word_1_6' title='bbox 452 292 629 409; x_wconf 85' lang='lat' dir='ltr'>Visiones.</span> <span class='ocrx_word' id='word_1_7' title='bbox 679 339 784 429; x_wconf 65' lang='lat' dir='ltr'>Ite,</span> <span class='ocrx_word' id='word_1_8' title='bbox 806 354 838 420; x_wconf 91' lang='lat'>1.</span> <span class='ocrx_word' id='word_1_9' title='bbox 895 344 981 436; x_wconf 67' lang='lat' dir='ltr'>Cap.</span> <span class='ocrx_word' id='word_1_10' title='bbox 1004 351 1040 434; x_wconf 83' lang='lat'>8,</span> <span class='ocrx_word' id='word_1_11' title='bbox 1062 345 1100 422; x_wconf 87' lang='lat'>6.</span> <span class='ocrx_word' id='word_1_12' title='bbox 1125 355 1158 430; x_wconf 86' lang='lat'>7.</span> 
     </span>
    </p>
   </div>
   <div class='ocr_carea' id='block_1_3' title="bbox 123 517 1262 4210">
    <p class='ocr_par' dir='ltr' id='par_1_3' title="bbox 201 517 1257 1044">
     <span class='ocr_line' id='line_1_4' title="bbox 231 517 1251 610; baseline 0 -18"><span class='ocrx_word' id='word_1_13' title='bbox 231 527 417 592; x_wconf 82' lang='lat' dir='ltr'>nominatur</span> <span class='ocrx_word' id='word_1_14' title='bbox 439 523 493 586; x_wconf 91' lang='lat' dir='ltr'>hic</span> <span class='ocrx_word' id='word_1_15' title='bbox 514 526 651 610; x_wconf 85' lang='lat' dir='ltr'>ubique,</span> <span class='ocrx_word' id='word_1_16' title='bbox 688 517 733 586; x_wconf 63' lang='lat' dir='ltr'>cf„¹</span> <span class='ocrx_word' id='word_1_17' title='bbox 752 536 783 603; x_wconf 87' lang='lat'>9,</span> <span class='ocrx_word' id='word_1_18' title='bbox 807 537 931 600; x_wconf 79' lang='lat'><strong>15.18.</strong></span> <span class='ocrx_word' id='word_1_19' title='bbox 962 539 1010 603; x_wconf 76' lang='lat'>12,</span> <span class='ocrx_word' id='word_1_20' title='bbox 1032 533 1063 597; x_wconf 81' lang='lat' dir='ltr'>l1.</span> <span class='ocrx_word' id='word_1_21' title='bbox 1094 521 1251 604; x_wconf 69' lang='lat' dir='ltr'>E2.&#39;5‚9.r</span> 
     </span>
     <span class='ocr_line' id='line_1_5' title="bbox 232 611 1257 696; baseline -0.003 -19"><span class='ocrx_word' id='word_1_22' title='bbox 232 618 303 677; x_wconf 90' lang='lat' dir='ltr'>loca</span> <span class='ocrx_word' id='word_1_23' title='bbox 329 634 346 674; x_wconf 89' lang='lat' dir='ltr'>e</span> <span class='ocrx_word' id='word_1_24' title='bbox 376 611 531 672; x_wconf 81' lang='lat' dir='ltr'>ltabbinis</span> <span class='ocrx_word' id='word_1_25' title='bbox 563 615 657 672; x_wconf 86' lang='lat' dir='ltr'>citata</span> <span class='ocrx_word' id='word_1_26' title='bbox 686 613 737 696; x_wconf 67' lang='lat' dir='ltr'>apl</span> <span class='ocrx_word' id='word_1_27' title='bbox 764 613 909 694; x_wconf 80' lang='lat' dir='ltr'>Schb&#39;ttg.</span> <span class='ocrx_word' id='word_1_28' title='bbox 940 626 972 675; x_wconf 91' lang='lat' dir='ltr'>et</span> <span class='ocrx_word' id='word_1_29' title='bbox 992 614 1122 678; x_wconf 83' lang='lat' dir='ltr'>Wetst.</span> <span class='ocrx_word' id='word_1_30' title='bbox 1150 614 1186 674; x_wconf 89' lang='lat' dir='ltr'>ad</span> <span class='ocrx_word' id='word_1_31' title='bbox 1209 615 1257 674; x_wconf 82' lang='lat' dir='ltr'>hl:</span> 
     </span>
     <span class='ocr_line' id='line_1_6' title="bbox 224 698 1257 784; baseline -0.001 -21"><span class='ocrx_word' id='word_1_32' title='bbox 224 701 287 784; x_wconf 86' lang='lat' dir='ltr'>sed</span> <span class='ocrx_word' id='word_1_33' title='bbox 309 698 392 760; x_wconf 91' lang='lat' dir='ltr'>illud</span> <span class='ocrx_word' id='word_1_34' title='bbox 413 699 468 758; x_wconf 89' lang='lat' dir='ltr'>hic</span> <span class='ocrx_word' id='word_1_35' title='bbox 492 707 603 758; x_wconf 86' lang='lat' dir='ltr'>notatu</span> <span class='ocrx_word' id='word_1_36' title='bbox 622 699 848 776; x_wconf 88' lang='lat' dir='ltr'>gravissimum</span> <span class='ocrx_word' id='word_1_37' title='bbox 869 711 933 774; x_wconf 87' lang='lat' dir='ltr'>est,</span> <span class='ocrx_word' id='word_1_38' title='bbox 955 723 1130 762; x_wconf 86' lang='lat' dir='ltr'>numerum</span> <span class='ocrx_word' id='word_1_39' title='bbox 1150 701 1257 762; x_wconf 80' lang='lat' dir='ltr'>huncln</span> 
     </span>
     <span class='ocr_line' id='line_1_7' title="bbox 226 781 1251 872; baseline -0.003 -25"><span class='ocrx_word' id='word_1_40' title='bbox 226 781 309 872; x_wconf 17' lang='lat' dir='ltr'>¹ipso*</span> <span class='ocrx_word' id='word_1_41' title='bbox 326 787 363 846; x_wconf 89' lang='lat' dir='ltr'>in</span> <span class='ocrx_word' id='word_1_42' title='bbox 384 784 551 844; x_wconf 83' lang='lat' dir='ltr'>visionum</span> <span class='ocrx_word' id='word_1_43' title='bbox 570 800 726 846; x_wconf 85' lang='lat' dir='ltr'>nexarum</span> <span class='ocrx_word' id='word_1_44' title='bbox 743 785 816 846; x_wconf 90' lang='lat' dir='ltr'>loco</span> <span class='ocrx_word' id='word_1_45' title='bbox 838 787 984 846; x_wconf 90' lang='lat' dir='ltr'>consulto</span> <span class='ocrx_word' id='word_1_46' title='bbox 1005 788 1151 848; x_wconf 88' lang='lat' dir='ltr'>electum</span> <span class='ocrx_word' id='word_1_47' title='bbox 1168 785 1251 846; x_wconf 78' lang='lat' dir='ltr'>esseil</span> 
     </span>
     <span class='ocr_line' id='line_1_8' title="bbox 231 867 1250 958; baseline -0.002 -26"><span class='ocrx_word' id='word_1_48' title='bbox 231 894 291 958; x_wconf 81' lang='lat' dir='ltr'>qne</span> <span class='ocrx_word' id='word_1_49' title='bbox 321 870 500 956; x_wconf 76' lang='lat' dir='ltr'><strong>aptissime.</strong></span> <span class='ocrx_word' id='word_1_50' title='bbox 563 867 644 930; x_wconf 78' lang='lat' dir='ltr'>Nam</span> <span class='ocrx_word' id='word_1_51' title='bbox 670 882 708 930; x_wconf 88' lang='lat' dir='ltr'>ut</span> <span class='ocrx_word' id='word_1_52' title='bbox 735 871 771 931; x_wconf 86' lang='lat' dir='ltr'>in</span> <span class='ocrx_word' id='word_1_53' title='bbox 791 871 897 954; x_wconf 89' lang='lat' dir='ltr'>prima</span> <span class='ocrx_word' id='word_1_54' title='bbox 918 873 1088 933; x_wconf 87' lang='lat' dir='ltr'>visionum</span> <span class='ocrx_word' id='word_1_55' title='bbox 1112 883 1202 958; x_wconf 87' lang='lat' dir='ltr'>parte</span> <span class='ocrx_word' id='word_1_56' title='bbox 1219 877 1250 940; x_wconf 73' lang='lat' dir='ltr'>bt</span> 
     </span>
     <span class='ocr_line' id='line_1_9' title="bbox 201 955 1252 1044; baseline -0.004 -27"><span class='ocrx_word' id='word_1_57' title='bbox 201 965 366 1042; x_wconf 49' lang='grc' dir='ltr'>Χ(μιανέιιὶ</span> <span class='ocrx_word' id='word_1_58' title='bbox 388 955 559 1014; x_wconf 88' lang='lat' dir='ltr'>hominum</span> <span class='ocrx_word' id='word_1_59' title='bbox 588 976 661 1038; x_wconf 80' lang='lat' dir='ltr'>pars</span> <span class='ocrx_word' id='word_1_60' title='bbox 683 955 707 1016; x_wconf 92' lang='lat' dir='ltr'>i.</span> <span class='ocrx_word' id='word_1_61' title='bbox 729 976 756 1016; x_wconf 92' lang='lat' dir='ltr'>e.</span> <span class='ocrx_word' id='word_1_62' title='bbox 780 957 889 1017; x_wconf 88' lang='lat' dir='ltr'>minor</span> <span class='ocrx_word' id='word_1_63' title='bbox 917 979 1011 1041; x_wconf 90' lang='lat' dir='ltr'>quam</span> <span class='ocrx_word' id='word_1_64' title='bbox 1039 957 1124 1044; x_wconf 84' lang='lat' dir='ltr'>quae</span> <span class='ocrx_word' id='word_1_65' title='bbox 1148 959 1206 1018; x_wconf 91' lang='lat' dir='ltr'>hoc</span> <span class='ocrx_word' id='word_1_66' title='bbox 1223 956 1252 1014; x_wconf 83' lang='lat' dir='ltr'>ln</span> 
     </span>
    </p>

    <p class='ocr_par' dir='ltr' id='par_1_4' title="bbox 132 1039 1260 1214">
     <span class='ocr_line' id='line_1_10' title="bbox 132 1039 1259 1123; baseline -0.006 -19"><span class='ocrx_word' id='word_1_67' title='bbox 132 1041 134 1048; x_wconf 73' lang='grc'>’</span> <span class='ocrx_word' id='word_1_68' title='bbox 230 1043 395 1115; x_wconf 80' lang='lat' dir='ltr'>innuitur,</span> <span class='ocrx_word' id='word_1_69' title='bbox 417 1061 435 1100; x_wconf 87' lang='lat' dir='ltr'>a</span> <span class='ocrx_word' id='word_1_70' title='bbox 457 1049 530 1100; x_wconf 88' lang='lat' dir='ltr'>vate</span> <span class='ocrx_word' id='word_1_71' title='bbox 548 1042 657 1123; x_wconf 83' lang='lat' dir='ltr'>posita</span> <span class='ocrx_word' id='word_1_72' title='bbox 678 1051 743 1116; x_wconf 87' lang='lat' dir='ltr'>est,</span> <span class='ocrx_word' id='word_1_73' title='bbox 765 1039 810 1102; x_wconf 85' lang='lat' dir='ltr'>ita</span> <span class='ocrx_word' id='word_1_74' title='bbox 829 1043 864 1102; x_wconf 93' lang='lat' dir='ltr'>in</span> <span class='ocrx_word' id='word_1_75' title='bbox 887 1045 982 1104; x_wconf 88' lang='lat' dir='ltr'>tertia</span> <span class='ocrx_word' id='word_1_76' title='bbox 1004 1053 1036 1104; x_wconf 89' lang='lat' dir='ltr'>et</span> <span class='ocrx_word' id='word_1_77' title='bbox 1055 1044 1179 1104; x_wconf 89' lang='lat' dir='ltr'>ultima</span> <span class='ocrx_word' id='word_1_78' title='bbox 1197 1041 1259 1102; x_wconf 75' lang='lat' dir='ltr'>visio</span> 
     </span>
     <span class='ocr_line' id='line_1_11' title="bbox 202 1123 1260 1214; baseline -0.007 -24"><span class='ocrx_word' id='word_1_79' title='bbox 202 1123 203 1128; x_wconf 8' lang='grc' dir='ltr'>ἵ</span> <span class='ocrx_word' id='word_1_80' title='bbox 228 1151 307 1190; x_wconf 88' lang='lat' dir='ltr'>num</span> <span class='ocrx_word' id='word_1_81' title='bbox 326 1137 434 1214; x_wconf 86' lang='lat' dir='ltr'>parte,</span> <span class='ocrx_word' id='word_1_82' title='bbox 465 1125 520 1185; x_wconf 89' lang='lat' dir='ltr'>ubi</span> <span class='ocrx_word' id='word_1_83' title='bbox 542 1126 694 1188; x_wconf 90' lang='lat' dir='ltr'>ultimum</span> <span class='ocrx_word' id='word_1_84' title='bbox 718 1137 749 1188; x_wconf 87' lang='lat' dir='ltr'>et</span> <span class='ocrx_word' id='word_1_85' title='bbox 771 1148 930 1190; x_wconf 87' lang='lat' dir='ltr'>summum</span> <span class='ocrx_word' id='word_1_86' title='bbox 968 1128 1144 1202; x_wconf 51' lang='lat' dir='ltr'>excidium¹</span> <span class='ocrx_word' id='word_1_87' title='bbox 1169 1137 1260 1212; x_wconf 79' lang='lat' dir='ltr'>parabi,</span> 
     </span>
    </p>

    <p class='ocr_par' dir='ltr' id='par_1_5' title="bbox 220 1211 1262 1298">
     <span class='ocr_line' id='line_1_12' title="bbox 220 1211 1262 1298; baseline -0.005 -25"><span class='ocrx_word' id='word_1_88' title='bbox 220 1222 304 1288; x_wconf 78' lang='lat' dir='ltr'>¹tota</span> <span class='ocrx_word' id='word_1_89' title='bbox 335 1219 420 1272; x_wconf 86' lang='lat' dir='ltr'>terra</span> <span class='ocrx_word' id='word_1_90' title='bbox 448 1211 563 1294; x_wconf 89' lang='lat' dir='ltr'>poenis</span> <span class='ocrx_word' id='word_1_91' title='bbox 593 1213 745 1296; x_wconf 76' lang='lat' dir='ltr'>plectitur</span> <span class='ocrx_word' id='word_1_92' title='bbox 765 1233 976 1298; x_wconf 85' lang='lat' dir='ltr'>earumquae</span> <span class='ocrx_word' id='word_1_93' title='bbox 996 1215 1060 1274; x_wconf 89' lang='lat' dir='ltr'>hoc</span> <span class='ocrx_word' id='word_1_94' title='bbox 1083 1215 1161 1274; x_wconf 93' lang='lat' dir='ltr'>loco</span> <span class='ocrx_word' id='word_1_95' title='bbox 1181 1231 1262 1274; x_wconf 79' lang='lat' dir='ltr'>mern</span> 
     </span>
    </p>

    <p class='ocr_par' dir='ltr' id='par_1_6' title="bbox 172 1294 1262 2153">
     <span class='ocr_line' id='line_1_13' title="bbox 172 1294 1260 1384; baseline 0 -26"><span class='ocrx_word' id='word_1_96' title='bbox 172 1334 174 1341; x_wconf 92' lang='lat'>·</span> <span class='ocrx_word' id='word_1_97' title='bbox 227 1307 337 1382; x_wconf 84' lang='lat' dir='ltr'>rantur</span> <span class='ocrx_word' id='word_1_98' title='bbox 365 1295 525 1360; x_wconf 88' lang='lat' dir='ltr'>similibus</span> <span class='ocrx_word' id='word_1_99' title='bbox 547 1302 597 1371; x_wconf 84' lang='lat'>16,</span> <span class='ocrx_word' id='word_1_100' title='bbox 618 1308 689 1366; x_wconf 73' lang='lat'><strong>2-8·</strong></span> <span class='ocrx_word' id='word_1_101' title='bbox 738 1294 830 1378; x_wconf 87' lang='lat' dir='ltr'>Quae</span> <span class='ocrx_word' id='word_1_102' title='bbox 851 1301 880 1362; x_wconf 87' lang='lat' dir='ltr'>si</span> <span class='ocrx_word' id='word_1_103' title='bbox 903 1301 981 1360; x_wconf 90' lang='lat' dir='ltr'>bene</span> <span class='ocrx_word' id='word_1_104' title='bbox 1003 1311 1159 1384; x_wconf 86' lang='lat' dir='ltr'>reputes,</span> <span class='ocrx_word' id='word_1_105' title='bbox 1195 1297 1260 1358; x_wconf 75' lang='lat' dir='ltr'>aaut</span> 
     </span>
     <span class='ocr_line' id='line_1_14' title="bbox 227 1382 1261 1470; baseline -0.002 -28"><span class='ocrx_word' id='word_1_106' title='bbox 227 1385 306 1444; x_wconf 88' lang='lat' dir='ltr'>haec</span> <span class='ocrx_word' id='word_1_107' title='bbox 328 1392 361 1444; x_wconf 91' lang='lat' dir='ltr'>et</span> <span class='ocrx_word' id='word_1_108' title='bbox 381 1383 556 1447; x_wconf 80' lang='lat' dir='ltr'>arctissime</span> <span class='ocrx_word' id='word_1_109' title='bbox 579 1384 748 1450; x_wconf 84' lang='lat' dir='ltr'>cohaerere</span> <span class='ocrx_word' id='word_1_110' title='bbox 770 1385 969 1470; x_wconf 88' lang='lat' dir='ltr'>pulchroque</span> <span class='ocrx_word' id='word_1_111' title='bbox 990 1386 1171 1468; x_wconf 74' lang='lat' dir='ltr'>procedere</span> <span class='ocrx_word' id='word_1_112' title='bbox 1191 1382 1261 1442; x_wconf 83' lang='lat' dir='ltr'>ordint</span> 
     </span>
     <span class='ocr_line' id='line_1_15' title="bbox 228 1464 1261 1553; baseline -0.006 -23"><span class='ocrx_word' id='word_1_113' title='bbox 228 1480 261 1531; x_wconf 87' lang='lat' dir='ltr'>et</span> <span class='ocrx_word' id='word_1_114' title='bbox 279 1467 491 1530; x_wconf 79' lang='lat' dir='ltr'>eximiarum</span> <span class='ocrx_word' id='word_1_115' title='bbox 513 1477 579 1528; x_wconf 89' lang='lat' dir='ltr'>arte</span> <span class='ocrx_word' id='word_1_116' title='bbox 601 1489 619 1528; x_wconf 88' lang='lat' dir='ltr'>a</span> <span class='ocrx_word' id='word_1_117' title='bbox 639 1479 712 1530; x_wconf 87' lang='lat' dir='ltr'>vate</span> <span class='ocrx_word' id='word_1_118' title='bbox 734 1467 894 1553; x_wconf 89' lang='lat' dir='ltr'>disposita</span> <span class='ocrx_word' id='word_1_119' title='bbox 916 1491 985 1531; x_wconf 88' lang='lat' dir='ltr'>esse</span> <span class='ocrx_word' id='word_1_120' title='bbox 1004 1466 1152 1535; x_wconf 82' lang='lat' dir='ltr'>fatearis.</span> <span class='ocrx_word' id='word_1_121' title='bbox 1178 1464 1261 1527; x_wconf 78' lang='lat' dir='ltr'>Terra</span> 
     </span>
     <span class='ocr_line' id='line_1_16' title="bbox 228 1552 1262 1639; baseline -0.004 -24"><span class='ocrx_word' id='word_1_122' title='bbox 228 1566 335 1618; x_wconf 85' lang='lat' dir='ltr'>autem</span> <span class='ocrx_word' id='word_1_123' title='bbox 362 1553 417 1616; x_wconf 85' lang='lat' dir='ltr'>vel</span> <span class='ocrx_word' id='word_1_124' title='bbox 447 1552 627 1614; x_wconf 77' lang='lat' dir='ltr'>mundi&#39;ad</span> <span class='ocrx_word' id='word_1_125' title='bbox 654 1555 805 1615; x_wconf 86' lang='lat' dir='ltr'>homines</span> <span class='ocrx_word' id='word_1_126' title='bbox 834 1556 1030 1639; x_wconf 86' lang='lat' dir='ltr'>pertinentis</span> <span class='ocrx_word' id='word_1_127' title='bbox 1054 1557 1216 1638; x_wconf 89' lang='lat' dir='ltr'>oculisque</span> <span class='ocrx_word' id='word_1_128' title='bbox 1231 1571 1262 1634; x_wconf 74' lang='lat' dir='ltr'>pr</span> 
     </span>
     <span class='ocr_line' id='line_1_17' title="bbox 225 1631 1262 1726; baseline -0.008 -26"><span class='ocrx_word' id='word_1_129' title='bbox 225 1631 326 1702; x_wconf 86' lang='lat' dir='ltr'>&#39;tentis</span> <span class='ocrx_word' id='word_1_130' title='bbox 347 1661 389 1702; x_wconf 85' lang='lat' dir='ltr'>ex</span> <span class='ocrx_word' id='word_1_131' title='bbox 410 1639 576 1700; x_wconf 85' lang='lat' dir='ltr'>visionum</span> <span class='ocrx_word' id='word_1_132' title='bbox 596 1661 729 1700; x_wconf 83' lang='lat' dir='ltr'>nurnero</span> <span class='ocrx_word' id='word_1_133' title='bbox 747 1641 945 1724; x_wconf 85' lang='lat' dir='ltr'>praescripto</span> <span class='ocrx_word' id='word_1_134' title='bbox 964 1653 1038 1725; x_wconf 88' lang='lat' dir='ltr'>apte</span> <span class='ocrx_word' id='word_1_135' title='bbox 1053 1649 1203 1726; x_wconf 81' lang='lat' dir='ltr'>quatuor</span> <span class='ocrx_word' id='word_1_136' title='bbox 1217 1655 1262 1694; x_wconf 85' lang='lat' dir='ltr'>coo·</span> 
     </span>
     <span class='ocr_line' id='line_1_18' title="bbox 185 1716 1260 1812; baseline -0.003 -25"><span class='ocrx_word' id='word_1_137' title='bbox 185 1725 192 1740; x_wconf 72' lang='lat'>⁸</span> <span class='ocrx_word' id='word_1_138' title='bbox 227 1729 404 1787; x_wconf 86' lang='lat' dir='ltr'>stituuntur</span> <span class='ocrx_word' id='word_1_139' title='bbox 433 1734 556 1808; x_wconf 88' lang='lat' dir='ltr'>partes:</span> <span class='ocrx_word' id='word_1_140' title='bbox 596 1733 713 1796; x_wconf 83' lang='lat' dir='ltr'>terra,</span> <span class='ocrx_word' id='word_1_141' title='bbox 742 1745 858 1810; x_wconf 73' lang='lat' dir='ltr'>marc,</span> <span class='ocrx_word' id='word_1_142' title='bbox 882 1722 994 1811; x_wconf 76' lang='lat' dir='ltr'>fluvii</span> <span class='ocrx_word' id='word_1_143' title='bbox 1020 1739 1053 1788; x_wconf 86' lang='lat' dir='ltr'>et</span> <span class='ocrx_word' id='word_1_144' title='bbox 1085 1716 1260 1812; x_wconf 81' lang='lat' dir='ltr'>quatenusd</span> 
     </span>
     <span class='ocr_line' id='line_1_19' title="bbox 226 1803 1261 1894; baseline -0.004 -22"><span class='ocrx_word' id='word_1_145' title='bbox 226 1813 398 1872; x_wconf 88' lang='lat' dir='ltr'>hominum</span> <span class='ocrx_word' id='word_1_146' title='bbox 418 1819 579 1894; x_wconf 89' lang='lat' dir='ltr'>aspectum</span> <span class='ocrx_word' id='word_1_147' title='bbox 599 1803 807 1894; x_wconf 80' lang='lat' dir='ltr'>fortunasque</span> <span class='ocrx_word' id='word_1_148' title='bbox 829 1813 987 1894; x_wconf 78' lang='lat' dir='ltr'>pertinet,</span> <span class='ocrx_word' id='word_1_149' title='bbox 1009 1808 1155 1872; x_wconf 78' lang='lat' dir='ltr'>coelmn.</span> <span class='ocrx_word' id='word_1_150' title='bbox 1194 1807 1261 1868; x_wconf 72' lang='lat' dir='ltr'>ttae</span> 
     </span>
     <span class='ocr_line' id='line_1_20' title="bbox 225 1886 1259 1980; baseline -0.009 -22"><span class='ocrx_word' id='word_1_151' title='bbox 225 1913 364 1958; x_wconf 88' lang='lat' dir='ltr'>nomena</span> <span class='ocrx_word' id='word_1_152' title='bbox 385 1897 485 1970; x_wconf 80' lang='lat' dir='ltr'>vero,</span> <span class='ocrx_word' id='word_1_153' title='bbox 506 1895 620 1978; x_wconf 91' lang='lat' dir='ltr'>quibus</span> <span class='ocrx_word' id='word_1_154' title='bbox 643 1898 783 1980; x_wconf 84' lang='lat' dir='ltr'>quaeque</span> <span class='ocrx_word' id='word_1_155' title='bbox 805 1895 916 1958; x_wconf 81' lang='lat' dir='ltr'>haruin</span> <span class='ocrx_word' id='word_1_156' title='bbox 938 1886 1051 1970; x_wconf 87' lang='lat' dir='ltr'>mundi</span> <span class='ocrx_word' id='word_1_157' title='bbox 1074 1896 1209 1980; x_wconf 87' lang='lat' dir='ltr'>partium</span> <span class='ocrx_word' id='word_1_158' title='bbox 1223 1892 1259 1949; x_wconf 88' lang='lat' dir='ltr'>lo·</span> 
     </span>
     <span class='ocr_line' id='line_1_21' title="bbox 225 1969 1259 2059; baseline -0.005 -15"><span class='ocrx_word' id='word_1_159' title='bbox 225 1985 351 2044; x_wconf 90' lang='lat' dir='ltr'>minum</span> <span class='ocrx_word' id='word_1_160' title='bbox 375 1982 411 2046; x_wconf 90' lang='lat' dir='ltr'>in</span> <span class='ocrx_word' id='word_1_161' title='bbox 431 2001 551 2048; x_wconf 84' lang='lat' dir='ltr'>noxam</span> <span class='ocrx_word' id='word_1_162' title='bbox 572 2001 703 2059; x_wconf 86' lang='lat' dir='ltr'>gravem</span> <span class='ocrx_word' id='word_1_163' title='bbox 724 1983 885 2058; x_wconf 86' lang='lat' dir='ltr'>turbatur,</span> <span class='ocrx_word' id='word_1_164' title='bbox 904 1985 949 2042; x_wconf 85' lang='lat' dir='ltr'>ita</span> <span class='ocrx_word' id='word_1_165' title='bbox 969 1985 1145 2044; x_wconf 86' lang='lat' dir='ltr'>constituta</span> <span class='ocrx_word' id='word_1_166' title='bbox 1153 1969 1230 2048; x_wconf 76' lang='lat' dir='ltr'>sunt,</span> <span class='ocrx_word' id='word_1_167' title='bbox 1241 1987 1259 2031; x_wconf 78' lang='lat' dir='ltr'>tt</span> 
     </span>
     <span class='ocr_line' id='line_1_22' title="bbox 190 2065 1257 2153; baseline -0.002 -25"><span class='ocrx_word' id='word_1_168' title='bbox 190 2111 195 2124; x_wconf 87' lang='lat'>.</span> <span class='ocrx_word' id='word_1_169' title='bbox 225 2080 335 2129; x_wconf 87' lang='lat' dir='ltr'>vatem</span> <span class='ocrx_word' id='word_1_170' title='bbox 364 2088 401 2128; x_wconf 90' lang='lat' dir='ltr'>ea</span> <span class='ocrx_word' id='word_1_171' title='bbox 427 2085 469 2126; x_wconf 87' lang='lat' dir='ltr'>ex</span> <span class='ocrx_word' id='word_1_172' title='bbox 498 2065 725 2134; x_wconf 77' lang='lat' dir='ltr'>traditionibus</span> <span class='ocrx_word' id='word_1_173' title='bbox 752 2068 854 2147; x_wconf 90' lang='lat' dir='ltr'>magis</span> <span class='ocrx_word' id='word_1_174' title='bbox 882 2069 1022 2153; x_wconf 76' lang='lat' dir='ltr'>antiquis</span> <span class='ocrx_word' id='word_1_175' title='bbox 1044 2067 1085 2129; x_wconf 90' lang='lat' dir='ltr'>de</span> <span class='ocrx_word' id='word_1_176' title='bbox 1108 2067 1257 2146; x_wconf 77' lang='lat' dir='ltr'>mirisque</span> 
     </span>
    </p>

    <p class='ocr_par' dir='ltr' id='par_1_7' title="bbox 155 2148 1256 3700">
     <span class='ocr_line' id='line_1_23' title="bbox 156 2148 1255 2244; baseline -0.01 -30"><span class='ocrx_word' id='word_1_177' title='bbox 156 2192 158 2208; x_wconf 50' lang='grc' dir='ltr'><strong><em>ι</em></strong></span> <span class='ocrx_word' id='word_1_178' title='bbox 227 2152 387 2239; x_wconf 75' lang='lat' dir='ltr'>quondam</span> <span class='ocrx_word' id='word_1_179' title='bbox 416 2149 538 2244; x_wconf 77' lang='lat' dir='ltr'>irnpips</span> <span class='ocrx_word' id='word_1_180' title='bbox 564 2151 730 2230; x_wconf 85' lang='lat' dir='ltr'>tetigerint</span> <span class='ocrx_word' id='word_1_181' title='bbox 751 2148 959 2228; x_wconf 80' lang='lat' dir='ltr'>infortuniis,</span> <span class='ocrx_word' id='word_1_182' title='bbox 987 2154 1185 2237; x_wconf 86' lang='lat' dir='ltr'>phantasiae</span> <span class='ocrx_word' id='word_1_183' title='bbox 1200 2150 1255 2208; x_wconf 81' lang='lat' dir='ltr'>uber·</span> 
     </span>
     <span class='ocr_line' id='line_1_24' title="bbox 224 2234 1253 2322; baseline -0.008 -22"><span class='ocrx_word' id='word_1_184' title='bbox 224 2251 290 2300; x_wconf 88' lang='lat' dir='ltr'>tate</span> <span class='ocrx_word' id='word_1_185' title='bbox 321 2238 443 2300; x_wconf 85' lang='lat' dir='ltr'>ornatis</span> <span class='ocrx_word' id='word_1_186' title='bbox 473 2248 506 2298; x_wconf 91' lang='lat' dir='ltr'>et</span> <span class='ocrx_word' id='word_1_187' title='bbox 534 2238 652 2313; x_wconf 89' lang='lat' dir='ltr'>auctis,</span> <span class='ocrx_word' id='word_1_188' title='bbox 686 2259 784 2322; x_wconf 86' lang='lat' dir='ltr'>quam¹</span> <span class='ocrx_word' id='word_1_189' title='bbox 806 2257 847 2298; x_wconf 75' lang='lat' dir='ltr'>ex</span> <span class='ocrx_word' id='word_1_190' title='bbox 867 2251 976 2300; x_wconf 86' lang='lat' dir='ltr'>rerum</span> <span class='ocrx_word' id='word_1_191' title='bbox 997 2241 1137 2300; x_wconf 87' lang='lat' dir='ltr'>veritate</span> <span class='ocrx_word' id='word_1_192' title='bbox 1155 2234 1253 2300; x_wconf 76' lang='lat' dir='ltr'>haustu</span> 
     </span>
     <span class='ocr_line' id='line_1_25' title="bbox 184 2313 1250 2410; baseline -0.005 -24"><span class='ocrx_word' id='word_1_193' title='bbox 184 2337 197 2350; x_wconf 71' lang='lat'>&#39;¹</span> <span class='ocrx_word' id='word_1_194' title='bbox 223 2335 384 2410; x_wconf 87' lang='lat' dir='ltr'>appareat.</span> <span class='ocrx_word' id='word_1_195' title='bbox 439 2321 519 2383; x_wconf 90' lang='lat' dir='ltr'>Sunt</span> <span class='ocrx_word' id='word_1_196' title='bbox 545 2323 633 2384; x_wconf 88' lang='lat' dir='ltr'>enim</span> <span class='ocrx_word' id='word_1_197' title='bbox 666 2335 719 2383; x_wconf 92' lang='lat' dir='ltr'>aut</span> <span class='ocrx_word' id='word_1_198' title='bbox 746 2344 788 2384; x_wconf 85' lang='lat' dir='ltr'>ex</span> <span class='ocrx_word' id='word_1_199' title='bbox 806 2323 1041 2385; x_wconf 78' lang='lat' dir='ltr'>traditionibus</span> <span class='ocrx_word' id='word_1_200' title='bbox 1068 2346 1148 2410; x_wconf 87' lang='lat' dir='ltr'>quas</span> <span class='ocrx_word' id='word_1_201' title='bbox 1169 2313 1250 2382; x_wconf 79' lang='lat' dir='ltr'>deb</span> 
     </span>
     <span class='ocr_line' id='line_1_26' title="bbox 184 2397 1250 2494; baseline -0.004 -24"><span class='ocrx_word' id='word_1_202' title='bbox 184 2427 187 2437; x_wconf 79' lang='grc'><em>“</em></span> <span class='ocrx_word' id='word_1_203' title='bbox 223 2409 347 2494; x_wconf 82' lang='lat' dir='ltr'>gyptiis</span> <span class='ocrx_word' id='word_1_204' title='bbox 375 2408 588 2470; x_wconf 87' lang='lat' dir='ltr'>calamitatum</span> <span class='ocrx_word' id='word_1_205' title='bbox 619 2410 767 2488; x_wconf 87' lang='lat' dir='ltr'>gravium</span> <span class='ocrx_word' id='word_1_206' title='bbox 799 2429 896 2470; x_wconf 89' lang='lat' dir='ltr'>onere</span> <span class='ocrx_word' id='word_1_207' title='bbox 923 2397 1048 2493; x_wconf 75' lang='lat' dir='ltr'>punitis</span> <span class='ocrx_word' id='word_1_208' title='bbox 1079 2406 1189 2484; x_wconf 81' lang='lat' dir='ltr'>Exodi</span> <span class='ocrx_word' id='word_1_209' title='bbox 1210 2404 1250 2462; x_wconf 76' lang='lat' dir='ltr'>lita</span> 
     </span>
     <span class='ocr_line' id='line_1_27' title="bbox 223 2488 1243 2580; baseline -0.008 -24"><span class='ocrx_word' id='word_1_210' title='bbox 223 2506 346 2570; x_wconf 83' lang='lat' dir='ltr'>narrat,</span> <span class='ocrx_word' id='word_1_211' title='bbox 369 2503 423 2574; x_wconf 85' lang='lat' dir='ltr'>aut</span> <span class='ocrx_word' id='word_1_212' title='bbox 442 2513 484 2554; x_wconf 85' lang='lat' dir='ltr'>ex</span> <span class='ocrx_word' id='word_1_213' title='bbox 502 2493 800 2577; x_wconf 82' lang='lat' dir='ltr'>phaenonicuorum</span> <span class='ocrx_word' id='word_1_214' title='bbox 817 2490 948 2556; x_wconf 83' lang='lat' dir='ltr'>naturae</span> <span class='ocrx_word' id='word_1_215' title='bbox 972 2517 1050 2580; x_wconf 87' lang='lat' dir='ltr'>quae</span> <span class='ocrx_word' id='word_1_216' title='bbox 1067 2488 1243 2558; x_wconf 79' lang='lat' dir='ltr'>circumtant-</span> 
     </span>
     <span class='ocr_line' id='line_1_28' title="bbox 165 2569 1253 2665; baseline -0.004 -25"><span class='ocrx_word' id='word_1_217' title='bbox 165 2637 169 2640; x_wconf 83' lang='lat'>.</span> <span class='ocrx_word' id='word_1_218' title='bbox 223 2592 276 2643; x_wconf 86' lang='lat' dir='ltr'>tur</span> <span class='ocrx_word' id='word_1_219' title='bbox 297 2583 454 2644; x_wconf 86' lang='lat' dir='ltr'>mirorum</span> <span class='ocrx_word' id='word_1_220' title='bbox 475 2591 607 2662; x_wconf 89' lang='lat' dir='ltr'>stupore</span> <span class='ocrx_word' id='word_1_221' title='bbox 629 2575 798 2642; x_wconf 64' lang='lat' dir='ltr'>delineata}</span> <span class='ocrx_word' id='word_1_222' title='bbox 842 2577 966 2660; x_wconf 82' lang='lat' dir='ltr'>Quare,</span> <span class='ocrx_word' id='word_1_223' title='bbox 990 2601 1069 2665; x_wconf 89' lang='lat' dir='ltr'>quae</span> <span class='ocrx_word' id='word_1_224' title='bbox 1094 2569 1253 2665; x_wconf 71' lang='lat' dir='ltr'>ephrath·</span> 
     </span>
     <span class='ocr_line' id='line_1_29' title="bbox 223 2660 1248 2743; baseline -0.006 -15"><span class='ocrx_word' id='word_1_225' title='bbox 223 2667 388 2728; x_wconf 84' lang='lat' dir='ltr'>fluxerunt</span> <span class='ocrx_word' id='word_1_226' title='bbox 401 2665 503 2743; x_wconf 87' lang='lat' dir='ltr'>vatis,</span> <span class='ocrx_word' id='word_1_227' title='bbox 525 2663 706 2726; x_wconf 86' lang='lat' dir='ltr'>desinamus</span> <span class='ocrx_word' id='word_1_228' title='bbox 729 2667 783 2726; x_wconf 90' lang='lat' dir='ltr'>&#39;aut</span> <span class='ocrx_word' id='word_1_229' title='bbox 804 2663 843 2728; x_wconf 83' lang='lat' dir='ltr'>ad</span> <span class='ocrx_word' id='word_1_230' title='bbox 862 2660 955 2726; x_wconf 84' lang='lat' dir='ltr'>verae</span> <span class='ocrx_word' id='word_1_231' title='bbox 977 2666 1138 2728; x_wconf 74' lang='lat' dir='ltr'>historiae</span> <span class='ocrx_word' id='word_1_232' title='bbox 1162 2662 1208 2726; x_wconf 82' lang='lat' dir='ltr'>vel</span> <span class='ocrx_word' id='word_1_233' title='bbox 1222 2675 1248 2716; x_wconf 78' lang='lat' dir='ltr'>tt·</span> 
     </span>
     <span class='ocr_line' id='line_1_30' title="bbox 170 2747 1253 2835; baseline -0.006 -21"><span class='ocrx_word' id='word_1_234' title='bbox 170 2784 171 2790; x_wconf 44' lang='lat'><em>*</em></span> <span class='ocrx_word' id='word_1_235' title='bbox 223 2765 312 2814; x_wconf 89' lang='lat' dir='ltr'>turae</span> <span class='ocrx_word' id='word_1_236' title='bbox 346 2749 490 2812; x_wconf 88' lang='lat' dir='ltr'>indolem</span> <span class='ocrx_word' id='word_1_237' title='bbox 522 2753 651 2830; x_wconf 82' lang='lat' dir='ltr'>exigere</span> <span class='ocrx_word' id='word_1_238' title='bbox 683 2763 734 2832; x_wconf 82' lang='lat' dir='ltr'>aut</span> <span class='ocrx_word' id='word_1_239' title='bbox 754 2752 971 2835; x_wconf 86' lang='lat' dir='ltr'>explicatione</span> <span class='ocrx_word' id='word_1_240' title='bbox 994 2747 1074 2814; x_wconf 89' lang='lat' dir='ltr'>falsa</span> <span class='ocrx_word' id='word_1_241' title='bbox 1095 2752 1134 2812; x_wconf 85' lang='lat' dir='ltr'>ad</span> <span class='ocrx_word' id='word_1_242' title='bbox 1156 2747 1253 2810; x_wconf 74' lang='lat' dir='ltr'>invitum</span> 
     </span>
     <span class='ocr_line' id='line_1_31' title="bbox 222 2835 1253 2922; baseline -0.009 -23"><span class='ocrx_word' id='word_1_243' title='bbox 222 2859 351 2899; x_wconf 87' lang='lat' dir='ltr'>sensum</span> <span class='ocrx_word' id='word_1_244' title='bbox 365 2836 573 2922; x_wconf 65' lang='lat' dir='ltr'>detorqueret</span> <span class='ocrx_word' id='word_1_245' title='bbox 591 2838 657 2897; x_wconf 35' lang='lat' dir='ltr'>«hoc</span> <span class='ocrx_word' id='word_1_246' title='bbox 678 2857 778 2897; x_wconf 88' lang='lat' dir='ltr'>unum</span> <span class='ocrx_word' id='word_1_247' title='bbox 797 2837 909 2914; x_wconf 89' lang='lat' dir='ltr'>liceat,</span> <span class='ocrx_word' id='word_1_248' title='bbox 930 2849 966 2897; x_wconf 93' lang='lat' dir='ltr'>ut</span> <span class='ocrx_word' id='word_1_249' title='bbox 987 2836 1026 2898; x_wconf 89' lang='lat' dir='ltr'>de</span> <span class='ocrx_word' id='word_1_250' title='bbox 1047 2835 1184 2920; x_wconf 79' lang='lat' dir='ltr'>origiue</span> <span class='ocrx_word' id='word_1_251' title='bbox 1199 2847 1253 2890; x_wconf 79' lang='lat' dir='ltr'>com·</span> 
     </span>
     <span class='ocr_line' id='line_1_32' title="bbox 220 2912 1255 3008; baseline -0.016 -23"><span class='ocrx_word' id='word_1_252' title='bbox 220 2935 403 2985; x_wconf 86' lang='lat' dir='ltr'>mentorum</span> <span class='ocrx_word' id='word_1_253' title='bbox 415 2923 574 3004; x_wconf 84' lang='lat' dir='ltr'>probabili</span> <span class='ocrx_word' id='word_1_254' title='bbox 588 2922 803 3008; x_wconf 75' lang='lat' dir='ltr'>dispiciamus</span> <span class='ocrx_word' id='word_1_255' title='bbox 846 2921 894 2984; x_wconf 87' lang='lat' dir='ltr'>Ita</span> <span class='ocrx_word' id='word_1_256' title='bbox 915 2943 948 2982; x_wconf 79' lang='lat' dir='ltr'>v.</span> <span class='ocrx_word' id='word_1_257' title='bbox 959 2932 991 2992; x_wconf 89' lang='lat'>7.</span> <span class='ocrx_word' id='word_1_258' title='bbox 1006 2923 1167 2983; x_wconf 85' lang='lat' dir='ltr'>calamitas</span> <span class='ocrx_word' id='word_1_259' title='bbox 1172 2912 1255 3001; x_wconf 81' lang='lat' dir='ltr'>print</span> 
     </span>
     <span class='ocr_line' id='line_1_33' title="bbox 203 3003 1256 3094; baseline -0.017 -24"><span class='ocrx_word' id='word_1_260' title='bbox 203 3018 337 3084; x_wconf 51' lang='lat' dir='ltr'>terrae</span> <span class='ocrx_word' id='word_1_261' title='bbox 362 3027 483 3070; x_wconf 75' lang='lat' dir='ltr'>noxam</span> <span class='ocrx_word' id='word_1_262' title='bbox 502 3008 632 3069; x_wconf 82' lang='lat' dir='ltr'>illatura</span> <span class='ocrx_word' id='word_1_263' title='bbox 652 3003 841 3088; x_wconf 73' lang='lat' dir='ltr'>grandinem</span> <span class='ocrx_word' id='word_1_264' title='bbox 862 3009 955 3069; x_wconf 83' lang='lat' dir='ltr'>affert</span> <span class='ocrx_word' id='word_1_265' title='bbox 975 3009 1163 3094; x_wconf 77' lang='lat' dir='ltr'>ignemque,</span> <span class='ocrx_word' id='word_1_266' title='bbox 1190 3015 1256 3079; x_wconf 84' lang='lat' dir='ltr'>gran-</span> 
     </span>
     <span class='ocr_line' id='line_1_34' title="bbox 216 3086 1256 3187; baseline -0.012 -33"><span class='ocrx_word' id='word_1_267' title='bbox 216 3093 292 3154; x_wconf 83' lang='lat' dir='ltr'>dini</span> <span class='ocrx_word' id='word_1_268' title='bbox 322 3087 469 3187; x_wconf 86' lang='lat' dir='ltr'>adjuncto</span> <span class='ocrx_word' id='word_1_269' title='bbox 492 3095 609 3154; x_wconf 85' lang='lat' dir='ltr'>acriori</span> <span class='ocrx_word' id='word_1_270' title='bbox 629 3095 873 3177; x_wconf 83' lang='lat' dir='ltr'>phaenomena,</span> <span class='ocrx_word' id='word_1_271' title='bbox 902 3094 993 3154; x_wconf 89' lang='lat' dir='ltr'>turba</span> <span class='ocrx_word' id='word_1_272' title='bbox 1016 3091 1222 3155; x_wconf 86' lang='lat' dir='ltr'>verisimiliter</span> <span class='ocrx_word' id='word_1_273' title='bbox 1238 3086 1256 3172; x_wconf 66' lang='lat' dir='ltr'>tl</span> 
     </span>
     <span class='ocr_line' id='line_1_35' title="bbox 220 3166 1256 3264; baseline -0.004 -26"><span class='ocrx_word' id='word_1_274' title='bbox 220 3179 362 3264; x_wconf 90' lang='lat' dir='ltr'>procella</span> <span class='ocrx_word' id='word_1_275' title='bbox 390 3179 515 3240; x_wconf 86' lang='lat' dir='ltr'>ardenti</span> <span class='ocrx_word' id='word_1_276' title='bbox 546 3181 654 3241; x_wconf 81' lang='lat' dir='ltr'>ornnia</span> <span class='ocrx_word' id='word_1_277' title='bbox 675 3182 875 3254; x_wconf 75' lang='lat' dir='ltr'>arnburente,</span> <span class='ocrx_word' id='word_1_278' title='bbox 907 3201 1001 3264; x_wconf 88' lang='lat' dir='ltr'>quam</span> <span class='ocrx_word' id='word_1_279' title='bbox 1015 3187 1200 3262; x_wconf 76' lang='lat' dir='ltr'>prestarent</span> <span class='ocrx_word' id='word_1_280' title='bbox 1216 3166 1256 3262; x_wconf 65' lang='lat' dir='ltr'>dist</span> 
     </span>
     <span class='ocr_line' id='line_1_36' title="bbox 223 3261 1253 3338; baseline 0.005 -15"><span class='ocrx_word' id='word_1_281' title='bbox 223 3275 332 3324; x_wconf 79' lang='lat' dir='ltr'>auctor</span> <span class='ocrx_word' id='word_1_282' title='bbox 361 3274 411 3324; x_wconf 91' lang='lat' dir='ltr'>est</span> <span class='ocrx_word' id='word_1_283' title='bbox 438 3263 522 3326; x_wconf 83' lang='lat' dir='ltr'>l&#39;lin.</span> <span class='ocrx_word' id='word_1_284' title='bbox 551 3267 585 3324; x_wconf 84' lang='lat' dir='ltr'>li.</span> <span class='ocrx_word' id='word_1_285' title='bbox 612 3287 645 3326; x_wconf 88' lang='lat' dir='ltr'>n.</span> <span class='ocrx_word' id='word_1_286' title='bbox 667 3275 697 3338; x_wconf 73' lang='lat'>2,</span> <span class='ocrx_word' id='word_1_287' title='bbox 719 3270 771 3335; x_wconf 83' lang='lat'>49.</span> <span class='ocrx_word' id='word_1_288' title='bbox 826 3262 888 3325; x_wconf 86' lang='lat' dir='ltr'>llis</span> <span class='ocrx_word' id='word_1_289' title='bbox 917 3285 995 3326; x_wconf 87' lang='lat' dir='ltr'>vero</span> <span class='ocrx_word' id='word_1_290' title='bbox 1025 3285 1066 3324; x_wconf 85' lang='lat' dir='ltr'>ex</span> <span class='ocrx_word' id='word_1_291' title='bbox 1094 3261 1157 3325; x_wconf 87' lang='lat' dir='ltr'>Ex.</span> <span class='ocrx_word' id='word_1_292' title='bbox 1180 3261 1253 3330; x_wconf 68' lang='lat'>9294·</span> 
     </span>
     <span class='ocr_line' id='line_1_37' title="bbox 220 3347 1255 3434; baseline -0.005 -24"><span class='ocrx_word' id='word_1_293' title='bbox 220 3350 346 3410; x_wconf 84' lang='lat' dir='ltr'>haustis</span> <span class='ocrx_word' id='word_1_294' title='bbox 377 3361 464 3411; x_wconf 87' lang='lat' dir='ltr'>vates</span> <span class='ocrx_word' id='word_1_295' title='bbox 489 3347 703 3434; x_wconf 35' lang='lat' dir='ltr'>,sauguinem</span> <span class='ocrx_word' id='word_1_296' title='bbox 726 3349 875 3428; x_wconf 87' lang='lat' dir='ltr'>grandini</span> <span class='ocrx_word' id='word_1_297' title='bbox 900 3351 976 3411; x_wconf 86' lang='lat' dir='ltr'>huic</span> <span class='ocrx_word' id='word_1_298' title='bbox 1004 3360 1037 3410; x_wconf 91' lang='lat' dir='ltr'>et</span> <span class='ocrx_word' id='word_1_299' title='bbox 1064 3349 1135 3429; x_wconf 90' lang='lat' dir='ltr'>igni</span> <span class='ocrx_word' id='word_1_300' title='bbox 1154 3347 1255 3406; x_wconf 62' lang='lat' dir='ltr'>irnmlt·</span> 
     </span>
     <span class='ocr_line' id='line_1_38' title="bbox 219 3415 1252 3521; baseline -0.003 -27"><span class='ocrx_word' id='word_1_301' title='bbox 219 3446 289 3495; x_wconf 89' lang='lat' dir='ltr'>tum</span> <span class='ocrx_word' id='word_1_302' title='bbox 310 3437 397 3508; x_wconf 88' lang='lat' dir='ltr'>(nam</span> <span class='ocrx_word' id='word_1_303' title='bbox 417 3437 613 3520; x_wconf 69' lang='grc' dir='ltr'><em>μεμιγμένα</em></span> <span class='ocrx_word' id='word_1_304' title='bbox 632 3445 736 3496; x_wconf 88' lang='lat' dir='ltr'>neutr.</span> <span class='ocrx_word' id='word_1_305' title='bbox 758 3435 804 3521; x_wconf 89' lang='lat' dir='ltr'>pl.</span> <span class='ocrx_word' id='word_1_306' title='bbox 827 3437 954 3510; x_wconf 80' lang='lat' dir='ltr'>videtur</span> <span class='ocrx_word' id='word_1_307' title='bbox 972 3433 1011 3495; x_wconf 87' lang='lat' dir='ltr'>ad</span> <span class='ocrx_word' id='word_1_308' title='bbox 1023 3446 1183 3517; x_wconf 87' lang='lat' dir='ltr'>utrumque</span> <span class='ocrx_word' id='word_1_309' title='bbox 1195 3415 1252 3514; x_wconf 68' lang='lat' dir='ltr'>qttd</span> 
     </span>
     <span class='ocr_line' id='line_1_39' title="bbox 218 3514 1253 3608; baseline -0.001 -29"><span class='ocrx_word' id='word_1_310' title='bbox 218 3519 382 3604; x_wconf 81' lang='lat' dir='ltr'>praecedit</span> <span class='ocrx_word' id='word_1_311' title='bbox 409 3541 529 3581; x_wconf 86' lang='lat' dir='ltr'>nornen</span> <span class='ocrx_word' id='word_1_312' title='bbox 557 3521 710 3591; x_wconf 66' lang='lat' dir='ltr'>relaturnq</span> <span class='ocrx_word' id='word_1_313' title='bbox 738 3533 944 3608; x_wconf 87' lang='lat' dir='ltr'>praestatque</span> <span class='ocrx_word' id='word_1_314' title='bbox 970 3520 1056 3581; x_wconf 88' lang='lat' dir='ltr'>haud</span> <span class='ocrx_word' id='word_1_315' title='bbox 1078 3520 1167 3581; x_wconf 90' lang='lat' dir='ltr'>dubie</span> <span class='ocrx_word' id='word_1_316' title='bbox 1185 3514 1253 3572; x_wconf 68' lang='lat' dir='ltr'>le⁰l¹⁰</span> 
     </span>
     <span class='ocr_line' id='line_1_40' title="bbox 155 3597 1251 3700; baseline -0.016 -30"><span class='ocrx_word' id='word_1_317' title='bbox 155 3663 157 3670; x_wconf 17' lang='grc' dir='ltr'><em>Α</em></span> <span class='ocrx_word' id='word_1_318' title='bbox 219 3609 264 3670; x_wconf 74' lang='grc' dir='ltr'>ἐν</span> <span class='ocrx_word' id='word_1_319' title='bbox 292 3611 413 3688; x_wconf 76' lang='grc' dir='ltr'><em>αἵματι</em></span> <span class='ocrx_word' id='word_1_320' title='bbox 441 3601 481 3665; x_wconf 84' lang='lat' dir='ltr'>cf·</span> <span class='ocrx_word' id='word_1_321' title='bbox 511 3625 545 3690; x_wconf 79' lang='lat' dir='ltr'>p·</span> <span class='ocrx_word' id='word_1_322' title='bbox 563 3602 628 3690; x_wconf 80' lang='lat'>42.)</span> <span class='ocrx_word' id='word_1_323' title='bbox 659 3599 823 3700; x_wconf 83' lang='lat' dir='ltr'>adjunxit,</span> <span class='ocrx_word' id='word_1_324' title='bbox 858 3609 917 3668; x_wconf 91' lang='lat' dir='ltr'>hac</span> <span class='ocrx_word' id='word_1_325' title='bbox 945 3619 983 3666; x_wconf 88' lang='lat' dir='ltr'>ut</span> <span class='ocrx_word' id='word_1_326' title='bbox 1011 3605 1136 3667; x_wconf 78' lang='lat' dir='ltr'>videtin</span> <span class='ocrx_word' id='word_1_327' title='bbox 1160 3597 1251 3690; x_wconf 71' lang='lat' dir='ltr'>retient</span> 
     </span>
    </p>

    <p class='ocr_par' dir='ltr' id='par_1_8' title="bbox 123 3685 1251 4210">
     <span class='ocr_line' id='line_1_41' title="bbox 123 3685 1251 3778; baseline -0.012 -27"><span class='ocrx_word' id='word_1_328' title='bbox 123 3693 126 3702; x_wconf 89' lang='lat'>&#39;</span> <span class='ocrx_word' id='word_1_329' title='bbox 218 3703 395 3774; x_wconf 88' lang='lat' dir='ltr'>permotus.</span> <span class='ocrx_word' id='word_1_330' title='bbox 439 3689 726 3778; x_wconf 83' lang='lat' dir='ltr'>l&#39;opulisantiqurs</span> <span class='ocrx_word' id='word_1_331' title='bbox 738 3713 968 3778; x_wconf 89' lang='lat' dir='ltr'>nonnunquam</span> <span class='ocrx_word' id='word_1_332' title='bbox 979 3689 1148 3774; x_wconf 81' lang='lat' dir='ltr'>sanguine</span> <span class='ocrx_word' id='word_1_333' title='bbox 1159 3685 1251 3770; x_wconf 71' lang='lat' dir='ltr'>pluisse</span> 
     </span>
     <span class='ocr_line' id='line_1_42' title="bbox 220 3767 1251 3862; baseline 0.005 -28"><span class='ocrx_word' id='word_1_334' title='bbox 220 3776 328 3837; x_wconf 72' lang='lat' dir='ltr'>visum</span> <span class='ocrx_word' id='word_1_335' title='bbox 358 3786 425 3850; x_wconf 90' lang='lat' dir='ltr'>est,</span> <span class='ocrx_word' id='word_1_336' title='bbox 457 3797 552 3862; x_wconf 89' lang='lat' dir='ltr'>quare</span> <span class='ocrx_word' id='word_1_337' title='bbox 582 3776 621 3838; x_wconf 88' lang='lat' dir='ltr'>ad</span> <span class='ocrx_word' id='word_1_338' title='bbox 643 3779 847 3862; x_wconf 17' lang='lat' dir='ltr'>prodigialid</span> <span class='ocrx_word' id='word_1_339' title='bbox 868 3777 1006 3838; x_wconf 85' lang='lat' dir='ltr'>retulere</span> <span class='ocrx_word' id='word_1_340' title='bbox 1030 3774 1070 3837; x_wconf 90' lang='lat' dir='ltr'>cf.</span> <span class='ocrx_word' id='word_1_341' title='bbox 1092 3773 1159 3837; x_wconf 81' lang='lat' dir='ltr'>Ltv.</span> <span class='ocrx_word' id='word_1_342' title='bbox 1176 3767 1251 3839; x_wconf 63' lang='lat'><strong>1131‘</strong></span> 
     </span>
     <span class='ocr_line' id='line_1_43' title="bbox 164 3855 1251 3948; baseline -0.015 -27"><span class='ocrx_word' id='word_1_343' title='bbox 164 3879 166 3890; x_wconf 78' lang='lat'><strong>¹</strong></span> <span class='ocrx_word' id='word_1_344' title='bbox 221 3857 349 3940; x_wconf 86' lang='lat' dir='ltr'>Quidni</span> <span class='ocrx_word' id='word_1_345' title='bbox 369 3861 468 3942; x_wconf 86' lang='lat' dir='ltr'>igitur</span> <span class='ocrx_word' id='word_1_346' title='bbox 490 3864 557 3922; x_wconf 83' lang='lat' dir='ltr'>vati</span> <span class='ocrx_word' id='word_1_347' title='bbox 579 3867 746 3942; x_wconf 76' lang='lat' dir='ltr'>sanguinis·</span> <span class='ocrx_word' id='word_1_348' title='bbox 762 3863 1090 3948; x_wconf 39' lang='lat' dir='ltr'>pluviamlsimilibus</span> <span class='ocrx_word' id='word_1_349' title='bbox 1111 3855 1181 3920; x_wconf 92' lang='lat' dir='ltr'>diris</span> <span class='ocrx_word' id='word_1_350' title='bbox 1191 3861 1251 3909; x_wconf 82' lang='lat' dir='ltr'>tcut-</span> 
     </span>
     <span class='ocr_line' id='line_1_44' title="bbox 215 3933 1251 4041; baseline -0.015 -31"><span class='ocrx_word' id='word_1_351' title='bbox 215 3949 354 4029; x_wconf 86' lang='lat' dir='ltr'>pestatis</span> <span class='ocrx_word' id='word_1_352' title='bbox 376 3946 535 4032; x_wconf 87' lang='lat' dir='ltr'>prodigiis</span> <span class='ocrx_word' id='word_1_353' title='bbox 558 3942 747 4041; x_wconf 82' lang='lat' dir='ltr'>subjungere</span> <span class='ocrx_word' id='word_1_354' title='bbox 766 3947 916 4010; x_wconf 77' lang='lat' dir='ltr'>licuerit?</span> <span class='ocrx_word' id='word_1_355' title='bbox 937 3969 1113 4033; x_wconf 88' lang='lat' dir='ltr'>quanquam</span> <span class='ocrx_word' id='word_1_356' title='bbox 1132 3933 1251 4018; x_wconf 65' lang='lat' dir='ltr'>triabatc</span> 
     </span>
     <span class='ocr_line' id='line_1_45' title="bbox 167 4029 1247 4122; baseline 0.001 -25"><span class='ocrx_word' id='word_1_357' title='bbox 167 4087 171 4097; x_wconf 76' lang='grc'><strong>,</strong></span> <span class='ocrx_word' id='word_1_358' title='bbox 217 4035 302 4094; x_wconf 81' lang='lat' dir='ltr'>vatis</span> <span class='ocrx_word' id='word_1_359' title='bbox 323 4045 447 4095; x_wconf 86' lang='lat' dir='ltr'>tantum</span> <span class='ocrx_word' id='word_1_360' title='bbox 468 4034 672 4117; x_wconf 86' lang='lat' dir='ltr'>phantasiam</span> <span class='ocrx_word' id='word_1_361' title='bbox 693 4037 912 4122; x_wconf 87' lang='lat' dir='ltr'>composuisse</span> <span class='ocrx_word' id='word_1_362' title='bbox 935 4035 1030 4096; x_wconf 84' lang='lat' dir='ltr'>facile</span> <span class='ocrx_word' id='word_1_363' title='bbox 1051 4041 1148 4117; x_wconf 83' lang='lat' dir='ltr'>patet,</span> <span class='ocrx_word' id='word_1_364' title='bbox 1166 4033 1194 4118; x_wconf 55' lang='lat'>1¹}</span> <span class='ocrx_word' id='word_1_365' title='bbox 1209 4029 1247 4098; x_wconf 79' lang='lat' dir='ltr'>l⁰¹</span> 
     </span>
     <span class='ocr_line' id='line_1_46' title="bbox 219 4111 1247 4210; baseline 0.002 -32"><span class='ocrx_word' id='word_1_366' title='bbox 219 4119 391 4183; x_wconf 83' lang='lat' dir='ltr'>verborum</span> <span class='ocrx_word' id='word_1_367' title='bbox 419 4124 550 4184; x_wconf 84' lang='lat' dir='ltr'>sehsum</span> <span class='ocrx_word' id='word_1_368' title='bbox 578 4123 663 4185; x_wconf 86' lang='lat' dir='ltr'>hunc</span> <span class='ocrx_word' id='word_1_369' title='bbox 692 4144 764 4186; x_wconf 86' lang='lat' dir='ltr'>esse</span> <span class='ocrx_word' id='word_1_370' title='bbox 793 4133 907 4210; x_wconf 83' lang='lat' dir='ltr'>putent</span> <span class='ocrx_word' id='word_1_371' title='bbox 929 4121 1094 4207; x_wconf 85' lang='lat' dir='ltr'>“pluviam</span> <span class='ocrx_word' id='word_1_372' title='bbox 1113 4111 1247 4205; x_wconf 74' lang='lat' dir='ltr'>sulttsssstm</span> 
     </span>
    </p>
   </div>
   <div class='ocr_carea' id='block_1_4' title="bbox 0 0 1290 4868">
    <p class='ocr_par' dir='ltr' id='par_1_9' title="bbox 0 0 1290 4868">
     <span class='ocr_line' id='line_1_47' title="bbox 0 0 1290 4868; baseline 0 4"><span class='ocrx_word' id='word_1_373' title='bbox 0 0 1290 4868; x_wconf 95' lang='lat' dir='ltr'> </span> 
     </span>
    </p>
   </div>
  </div>
 </body>
</html>
