2622 4862
278 317 342 402 34'
465 318 523 390 De
546 313 707 390 fontibus
732 317 905 396 materiae
933 330 968 389 et
984 320 1153 428 ⁸dictionis

279 501 357 571 rimi
379 503 492 568 saltem
513 501 691 572 Christiani
712 503 771 572 sibi
793 501 1066 587 informaverant,
1086 503 1227 592 opinione
1244 503 1282 569 hn-

280 609 332 676 sit.
388 609 480 697 Quae
513 607 643 694 quidem
677 608 842 698 quomodo
876 611 986 676 enasci
1017 612 1148 699 potuerit
1179 610 1204 674 si
1230 631 1282 698 pont

280 716 484 802 quaerimus,
526 713 611 778 haud
650 711 746 779 dubie
775 735 843 778 non
859 736 1000 780 novam
1030 715 1163 802 dicemus
1190 727 1217 780 et
1239 716 1289 801 prin

271 819 476 902 inauditam,
508 816 564 882 sed
590 841 634 884 ex
655 841 692 882 ea
720 819 819 905 qualis
840 830 912 884 tum
935 819 1092 909 imprimis
1113 817 1246 905 temporis
1260 817 1291 880 Ju-

280 925 376 1008 daeos
403 923 566 1005 exercuit,
609 945 787 990 munerum
814 925 954 992 Messias
983 924 1208 1014 exspectatione
1228 933 1293 986 orion

280 1044 314 1096 et
338 1029 381 1094 ad
399 1029 567 1094 Christum
588 1029 787 1097 translatam.
846 1029 1019 1118 Tantaque
1046 1035 1127 1110 inter
1151 1027 1294 1092 ludaeorum

282 1135 322 1200 de
343 1134 461 1202 Messie
482 1133 629 1198 notiones
656 1145 733 1221 post
759 1133 903 1201 Danielis
925 1137 1047 1204 librum
1065 1129 1296 1206 adchristianisni

281 1258 384 1324 usque
414 1238 593 1325 primordia
614 1239 768 1304 formatas
795 1249 827 1302 et
855 1237 1113 1306 Christianorum
1132 1238 1220 1326 primi
1237 1235 1295 1300 seculi

282 1343 322 1408 de
348 1342 480 1408 Christo
507 1342 664 1408 redeunte
683 1365 779 1428 spem
799 1341 969 1408 intercedit
989 1327 1183 1410 necessitudo
1199 1355 1227 1410 et
1243 1340 1296 1406 sini·

238 1443 245 1459 *
282 1448 458 1534 litud01),
492 1459 531 1513 ut
566 1448 743 1514 Christiani
777 1447 927 1513 meliores
953 1452 1051 1530 ¹(nam
1085 1450 1123 1515 de
1153 1449 1295 1516 deteriorum

278 1541 474 1644 ¹opinionum
506 1550 684 1618 datoribus
714 1563 751 1616 ut
785 1551 943 1618 Cerintho
977 1577 1047 1622 non
1076 1551 1233 1642 loquimur)
1258 1571 1295 1638 nori

262 1661 342 1726 'nisi
370 1661 406 1726 iu
432 1657 565 1745 judaicis
597 1643 784 1721 notionibus
815 1656 856 1721 ad
887 1659 1081 1728 christianae
1106 1660 1247 1750 religionis
1264 1677 1294 1740 ge

278 1766 373 1832 nium
410 1765 572 1850 sapienter
606 1759 793 1845 adaptandis
822 1773 855 1826 et
888 1783 909 1831 a
940 1766 1051 1834 nimiis
1086 1757 1233 1834 terrestiis
1253 1761 1290 1824 ola

278 1870 437 1936 felicitatis
458 1864 651 1954 imaginibus
677 1864 855 1954 purgandis
883 1866 966 1934 bene
992 1873 1102 1941 meriti
1129 1895 1192 1940 esse
1217 1861 1293 1934 dicent

253 1964 354 2040 'sint
405 1973 450 2039 Et
480 1972 509 2039 si
534 1969 675 2058 excipias
708 1967 749 2032 de
780 1967 920 2038 Messiae
955 1998 1061 2063 regno
1094 1967 1227 2047 milliario
1255 1982 1296 2035 ants

278 2077 396 2146 mundi
424 2078 505 2145 novi
538 2089 647 2142 ortum
674 2074 874 2140 instituendo
906 2080 1098 2166 opinionem
1125 2086 1226 2172 Apoc.·
1241 2083 1298 2144 cit.

278 2204 377 2274 qnam
408 2193 457 2248 ut‘
474 2181 512 2248 in
540 2181 671 2267 reliquis
704 2181 890 2254 saltemN.
913 2184 958 2252 Τ.
986 2187 1079 2254 libris
1108 2211 1174 2264 non
1199 2182 1299 2269 legimns,

277 2289 322 2356 ita
342 2289 430 2356 inter‘
453 2287 654 2363 Christianos
681 2284 807 2378 auctori
821 2277 822 2280 '
835 2297 949 2352 nostro
977 2294 1124 2378 aequales
1154 2287 1225 2357 haud
1243 2302 1300 2368 pau·

278 2417 335 2460 cos
365 2393 508 2481 viguisse
537 2393 614 2458 satis
644 2392 713 2476 jam
740 2390 859 2488 exinde
886 2404 989 2479 patet,
1024 2400 1112 2484 qnod
1133 2384 1298 2486 Apocalypsi

275 2521 348 2565 eam
372 2520 441 2566 nou
460 2510 499 2564 ut
518 2518 641 2564 novam
661 2507 831 2590 urguet'et
851 2499 1077 2584 commendat,
1108 2502 1162 2568 sed
1180 2511 1213 2566 ut
1230 2487 1298 2588 onni-

274 2605 335 2670 bus
365 2605 528 2693 cognitam
555 2600 748 2667 brevissime
772 2598 944 2695 describit3
977 2605 1003 2671 si
1029 2629 1131 2694 porro
1151 2619 1249 2696 poetae
1266 2615 1294 2658 or-

272 2723 406 2792 natum,
439 2710 488 2776 uti
509 2707 557 2774 fas
577 2718 641 2787 est,
673 2703 896 2771 auctionibus
917 2709 1119 2796 simplicibus
1141 2711 1212 2798 ipsis
1230 2719 1293 2770 seui·

272 2836 348 2879 nas:
366 2812 463 2905 ¹nihil
487 2823 538 2877 est
562 2812 597 2876 in
620 2808 823 2895 Apocalypsi
850 2807 890 2872 de
919 2811 1059 2880 Messiae
1086 2817 1221 2882 adventu
1243 2808 1299 2876 lutu-

271 2939 373 3004 raque
401 2933 466 2981 tam
495 2917 625 3003 piorum
648 2935 746 2998 quam
773 2913 951 2998 impiorum
971 2931 1061 2985 sorte
1084 2922 1216 2997 dictum,
1242 2911 1301 2990 cujus

270 3020 411 3107 origines
432 3030 463 3084 et
481 3021 571 3086 velut
591 3017 698 3106 prima
717 3016 854 3094 stamina
875 3017 910 3082 in
930 3021 1062 3107 reliquis
1082 3027 1132 3092 N.'
1148 3027 1189 3092 T.
1205 3013 1310 3103 scriptis,

203 3123 207 3136 '
268 3123 359 3190 Pauli
383 3121 562 3212 imprimis,
591 3125 680 3190 Petri
706 3139 746 3190 et*
763 3123 913 3212 priorum
938 3123 1041 3218 trium
1074 3129 1303 3220 evangelistarum

304 3365 336 3439 1)
355 3367 389 3421 sle
413 3366 482 3423 libri
500 3365 590 3423 Sohar
616 3377 644 3421 et
662 3369 801 3422 seriorum
814 3366 1007 3424 Rabbinorum
1026 3367 1306 3436 commonstrarent

334 3457 462 3513 absurdis
494 3477 552 3514 nou
574 3457 689 3526 loquor;
721 3467 748 3509 at
773 3461 799 3510 si
821 3457 915 3517 fontes
939 3474 1049 3529 tantiam
1072 3465 1129 3520 fide
1153 3461 1308 3534 dignissimos

336 3559 370 3602 ut
394 3539 520 3602 Danielis
543 3545 666 3614 librum',
698 3545 887 3617 Apocryphus
914 3555 952 3608 V.
962 3553 997 3608 T.
1038 3555 1168 3610 lienoohi
1191 3550 1274 3608 libiusn
1288 3545 1309 3588 ⁰²

215 3665 220 3674 ·
335 3639 501 3694 Talmudeni
536 3643 695 3706 sequimur,
733 3640 889 3696 sirnilitudo
923 3646 976 3696 ista
1008 3649 1079 3699 mma
1109 3649 1204 3718 negari
1229 3634 1309 3702 „equit

334 3729 400 3804 Scio
433 3729 546 3802 quidem
570 3725 600 3784 S·
622 3730 660 3782 V·
687 3726 850 3785 Siislsiud
881 3737 913 3787 in
940 3748 1089 3791 comment.
1115 3738 1150 3792 de
1173 3737 1225 3790 hoe
1247 3737 1307 3792 ,rga

333 3831 429 3874 mento
453 3823 589 3889 peculiari
615 3823 721 3874 inserta
745 3819 820 3875 libro
844 3821 976 3894 Magaris
998 3825 1047 3880 fiir
1064 3827 1171 3882 chr-isti.
1188 3811 1306 3892 Ποειῑῐᾶῑῦς

329 3905 399 3962 iaso.
415 3909 454 3964 X·
484 3924 512 3978 p.
528 3915 648 3976 96-143
684 3907 746 3966 eain
778 3929 912 3983 negasse,
950 3917 1165 3980 assentientibus
1193 3915 1263 3974 auis,
1286 3905 1303 3950 ⁰³

329 3997 466 4054 Schott
490 4001 526 4056 de
550 4001 653 4058 Christ.
675 4003 769 4058 reditu
792 4008 896 4074 p01233
925 4005 973 4060 sed
990 4007 1021 4062 id
1045 4005 1229 4066 erationibus
1244 3993 1306 4066 milli

322 4090 494 4162 ‘dogmaticis
521 4109 605 4162 quam
628 4093 773 4150 historicis
799 4107 940 4165 uegetum·
954 4077 1015 4155 essa
1040 4103 1115 4158 inter
1138 4100 1192 4156 alia
1207 4113 1242 4152 ers
1257 4085 1308 4148 libri

324 4180 453 4237 lienoohi
477 4184 636 4242 luculenter
663 4194 754 4254 potest
781 4183 973 4247 demonstrari.
