2546 4868
87 427 92 434 ¹
147 317 210 388 111.
237 281 455 386 constristo.
495 275 593 408 'aaa
614 326 678 402 22,
699 315 835 396 6-10,
964 269 1065 410 111
1131 381 1133 388 ,

57 506 137 586 1)·ν.
158 507 191 572 6.
210 507 266 574 7·.
301 493 452 580 Angelus
471 497 535 564 ills
554 497 697 572 breviter
718 497 864 576 visiones
880 497 1044 587 'effetaque

7 613 51 654 aec
71 613 120 676 per
146 611 182 654 se
215 608 243 648 a·
259 584 427 666 ,decreti
449 579 607 670 patefacta
624 584 785 648 surumem
804 585 923 648 mereri
943 585 1043 658 fidem
1091 641 1093 648 .

5 681 133 740 btestaiur
152 669 416 760 felicesqueeos
437 670 600 754 praedicat
620 672 677 758 qui
697 669 837 745 Messias
866 682 921 735 aut
964 672 1043 742 νηὶ,

5 766 34 824 ui
60 775 110 824 aut
140 760 269 826 beaturi
297 759 453 844 proxime
480 757 636 820 instantis
658 777 819 820 memores
841 694 1041 854 libri‚bt1j1¹⁸

5 859 177 928 *guruentuur
197 847 284 908 bene
307 853 457 929 reputent
479 855 511 906 et
529 855 670 906 teneant.
699 843 815 912 πιστοὶ
835 843 892 915 καὶ
914 843 1042 928 uindi-

5 933 27 998 η’
48 945 81 993 ut
97 939 187 1008 m.
207 941 267 1005 19,
280 941 317 1002 9.
339 933 376 998 ah
398 928 513 996 eodem
536 927 806 1010 arigelodictum.
827 921 847 994 ri
867 920 952 1004 dede
971 928 1040 1004 ror

6 1010 163 1100 scopinae
191 1018 306 1104 (plur.
327 1016 393 1083 hic,
408 1015 557 1080 abstracti
578 1017 619 1078 ob
640 1015 789 1094 singulos
810 1013 862 1076 cui
885 1014 1041 1081 convenit

5 1103 219 1189 lorespositus
241 1103 309 1182 est)
323 1101 399 1172 ,τῶν
420 1101 602 1186 προφητῶν
622 1097 707 1168 deris
728 1102 784 1186 qui
804 1101 1040 1185 prophetarum

5 1189 117 1271 piritum
138 1188 338 1263 moderatur,
367 1183 542 1271 prophetis
553 1186 694 1273 „qualis
718 1197 828 1260 auctor
848 1197 959 1249 noster
980 1199 1040 1263 est,
1111 1201 1136 1252 ⁴,

5 1295 78 1338 erum
103 1271 279 1336 futurarum
305 1273 466 1342 notitiam.
488 1271 542 1336 dat
564 1272 694 1358 (quibus
715 1272 827 1335 verbis
850 1283 942 1336 rates
964 1284 1039 1357 apte

5 1361 117 1444 aplicat
146 1377 264 1420 artures.
285 1360 428 1424 visiones
457 1379 476 1420 a
509 1380 544 1422 se
576 1377 698 1442 suoque
730 1358 839 1420 auimo
867 1352 1038 1442 conceptas
1122 1385 1132 1400 .

5 1446 68 1522 sse)
101 1439 197 1504 misit
217 1462 268 1504 me
286 1441 450 1530 angelum
477 1463 580 1508 suum
609 1438 651 1506 cf.
669 1454 742 1504 not.
762 1441 801 1504 ad
820 1453 856 1518 ’1,
878 1454 915 1520 1,
950 1439 1038 1510 unde

5 1549 64 1589 iaec
90 1527 213 1610 repetita
236 1538 315 1592 sunt.
368 1527 518 1592 Ceterum
541 1539 632 1592 vates
655 1520 754 1624 hujus
777 1529 907 1609 generis
928 1522 1037 1593 sutura
1144 1543 1146 1548 ’

5 1613 86 1674 uuita
104 1609 293 1696 depingentes
313 1615 443 1700 saepius
466 1615 506 1676 ad
525 1614 624 1680 sidem
647 1614 714 1680 suis
733 1612 912 1678 habendam
932 1613 1038 1676 lecto-

5 1718 40 1760 :es
62 1709 234 1781 provocant,
263 1711 298 1764 ut
319 1699 404 1768 Dan.
424 1712 456 1776 8,
473 1707 527 1770 26.
551 1699 584 1775 ¹)
604 1736 649 1748 -
667 1717 672 1728 ’
689 1697 735 1760 V.
748 1709 789 1778 ¹7.
825 1697 881 1762 Eu
904 1699 1036 1788 (inquit

5 1781 139 1859 >brisiensi
162 1791 289 1869 repenle
317 1783 534 1858 adventurae
565 1806 663 1860 sum3
695 1783 782 1871 quod
802 1804 897 1868 supra
918 1793 955 1860 2.
979 1791 1032 1856 16.

5 1879 31 1953 1,
62 1879 106 1938 11.
133 1871 320 1952 prouussum
345 1872 382 1938 in
411 1872 472 1936 bac
500 1871 571 1955 ipsa
597 1871 810 1942 ,conclusione
839 1879 876 1932 nt
903 1871 1033 1950 gravis-

5 1955 100 2017 ·»iruuru
116 1963 156 2024 ter
172 1959 323 2044 repetitur
345 1977 378 2020 r.
399 1964 431 2028 7.
454 1965 506 2027 12·
528 1965 582 2028 20·
597 1946 769 2046 ,μακάριος
789 1950 830 2018 cf·
850 1966 881 2034 1,
900 1966 941 2028 3..
1015 2018 1019 2026 ,

67 2159 96 2234 2)
112 2175 137 2217 r.
149 2165 257 2228 8-15.
282 2153 413 2218 'Finito
436 2153 482 2217 sic
503 2154 783 2237 angelisermone
802 2167 893 2220 rates
914 2155 1032 2236 angelo

5 2237 80 2316 ruicp
108 2233 181 2330 cnjus
208 2258 326 2330 operae
353 2252 420 2304 tam
446 2243 531 2304 laeta
558 2254 592 2305 et
617 2254 702 2305 certa
723 2263 831 2307 rerum
852 2239 1032 2304 futurarum

5 2327 102 2405 tuguria
122 2328 222 2404 debet,
259 2327 421 2390 honorem
449 2328 616 2406 habiturus
647 2339 699 2392 est
729 2328 894 2405 divinum,
940 2327 1032 2414 quasi

6 2412 30 2470 rb
54 2414 170 2478 nimium
199 2411 353 2496 gaudium
370 2421 486 2478 eornm
506 2413 643 2489 obiitne,
683 2435 764 2501 quae
785 2417 917 2492 angelus
943 2413 1031 2477 idem

6 2497 64 2558 rins
88 2495 146 2594 jam
176 2501 238 2561 hoc
265 2499 419 2562 molienti
448 2491 606 2596 objecerat
628 2509 678 2575 19,
701 2511 752 2569 10·
808 2499 857 2564 Et
888 2517 951 2584 ego
968 2497 1032 2560 Jo-

6 2601 95 2644 ooues
121 2583 179 2649 ille
207 2583 282 2669 ipse
312 2583 374 2669 qui
395 2581 486 2647 -lraec
516 2581 685 2647 audiebat
704 2593 739 2646 et
770 2580 911 2647 videbat
933 2583 1031 2672 (plna

7 2687 54 2729 rura
80 2669 161 2732 enirn
195 2681 285 2738 rates
317 2677 515 2732 monstrata
550 2671 618 2756 ipsi
653 2670 798 2745 viderat,
823 2669 926 2734 'unde
962 2681 1031 2732 sta-.

7 2772 39 2812 nu
63 2747 260 2828 δεικνύοντος
290 2764 416 2818 tantum
449 2756 588 2839 repetit3
619 2753 691 2818 'sed
721 2753 875 2842 quaedam
901 2759 950 2830 14,
976 2768 1029 2825 13.

7 2857 42 2899 ,ον
58 2842 113 2900 nisi
132 2853 275 2903 enarrata
296 2851 386 2916 sunt,
406 2850 443 2900 ut
466 2852 515 2916 11,
540 2851 561 2912 3
583 2862 653 2928 sqq.
675 2851 727 2917 20,
748 2851 787 2916 7,
809 2841 871 2901 :vel
895 2841 1029 2918 monita,

10 2927 106 3007 tcto.)
142 2929 197 2992 uni
233 2925 360 3006 deinde*
383 2919 542 3022 adjectum
578 2947 622 2999 ex
657 2927 748 2989 hebr.
782 2925 859 2988 Vav
888 2927 1028 3008 relativo
1119 2943 1121 2950 '

9 3009 78 3086 urit,
107 3007 145 3073 cf.
166 3033 213 3094 gr.
234 3011 324 3074 hebr.
346 3023 380 3096 p.
395 3025 469 3086 540.
491 3033 561 3100 sqq.
604 3011 716 3074 Verba
735 3013 842 3094 angeli
865 3010 1031 3099 adoratiof

8 3113 43 3155 nn
67 3097 257 3182 deprecantis
293 3108 386 3170 v.,9.
419 3100 530 3188 paullo
567 3099 726 3162 concisius
755 3098 921 3160 enunciata
954 3107 1031 3160 sunt

9 3199 61 3242 narn
78 3203 169 3268 supra
190 3193 239 3258 19,
264 3193 321 3258 10,
344 3195 457 3271 utpote
474 3187 510 3248 in
531 3186 692 3247 sententia
712 3205 755 3246 ex·
776 3184 836 3244 illo
859 3183 932 3244 loco
951 3205 1031 3269 per-
1055 3261 1061 3270 ἢ

9 3263 89 3343 plenu
108 3263 264 3362 adjectum
286 3269 340 3330 hic
362 3273 429 3340 τών
451 3297 515 3360 προ
566 3271 632 3336 τών
653 3273 694 3332 ob
717 3292 748 3332 v.
764 3277 795 3338 6.
816 3279 848 3330 et
870 3268 937 3334 τῶν
956 3293 1030 3355 τηρ.

9 3363 158 3417 nnnutaturu
180 3365 228 3418 cst
250 3356 291 3416 ob
320 3379 353 3421 v.
374 3367 406 3428 7.
438 3389 482 3404 -
519 3291 730 3428 blito-15.
773 3351 947 3418 Occasione
969 3359 1030 3418 ob«
1113 3411 1116 3419 .

10 3441 43 3492 tta
67 3441 179 3517 angelus
208 3441 263 3500 hic
288 3463 470 3506 sermonem
497 3437 678 3518 continuat,
713 3441 776 3504 alia
805 3440 958 3527 quaedam
988 3442 1028 3504 de

12 3518 58 3579 '³¹¹⁰
85 3523 135 3586 hoc
153 3520 286 3620 ejusque
309 3540 495 3610 argumento
517 3529 709 3590 moniturus·
762 3525 864 3606 Igitur
885 3530 1027 3612 primum

10 3614 73 3666 atem
102 3609 173 3673 libri
204 3604 303 3706 hujus
336 3616 522 3702 prophetici
554 3625 777 3695 argumentum
804 3635 874 3674 non
909 3608 1027 3696 obsig-
1118 3655 1121 3661 -

11 3707 54 3750 are
78 3692 97 3756 i.
119 3718 146 3759 e.
179 3697 416 3765 clandestinum
442 3703 479 3765 in
506 3712 633 3787 tempus
662 3721 791 3763 servare
818 3693 875 3775 (cf.
898 3699 1026 3776 10,*3.)

16 3887 41 3953 l)
55 3897 108 3958 quid
124 3903 158 3951 sit
177 3903 200 3948 tr
217 3903 301 3961 τάχει,
331 3899 364 3952 tle
392 3917 449 3970 quo
475 3904 640 3967 interpretes
664 3897 733 3952 adeo
752 3900 917 3964 disceptent,
950 3903 1026 3972 vates

42 3964 92 4026 litte
112 3973 245 4038 explicuit
270 3975 337 4024 satis
354 3971 476 4024 dilucide
495 3987 611 4024 nurnero
631 3989 762 4022 annorum
779 3969 860 4019 trium
878 3975 905 4016 et
924 3963 1027 4015 dissidii

40 4033 70 4092 ts.
94 4055 172 4107 supra
196 4059 225 4108 p.
241 4049 302 4103 196.
320 4052 397 4108 2214
426 4061 494 4112 ergo
519 4054 585 4110 post
611 4059 714 4110 paitcos
740 4055 826 4098 anuos
852 4041 940 4106 justos
959 4034 1027 4089 bea-

40 4113 100 4176 tum,
124 4115 241 4186 iniustos
260 4119 390 4184 punitum
409 4121 446 4172 iri
463 4125 537 4170 vates
554 4113 656 4185 iperet.
