2546 4868
51 399 56 402 .
94 349 140 422 n.
166 345 356 422 Visiones.
392 347 453 420 111.
471 361 519 430 2„
539 345 580 417 Β.
600 325 631 430 r.
666 351 752 448 cap.
780 365 840 444 14,
864 366 899 437 a.
961 375 1037 444 rra

7 553 54 605 m,
92 543 130 594 ut
164 531 264 596 decet
301 519 501 628 majestatem
537 527 606 628 ejus
643 547 785 598 sanctam
818 527 1056 626 venerantes3·

14 631 61 680 rata
89 619 179 681 enim
220 612 302 714 ejus
321 621 483 702 potentia,
516 641 578 703 quo
599 615 668 712 jure
689 622 779 682 solus
805 625 848 686 sit
868 629 1032 698 timendus

5 703 160 779 colendus,
187 704 270 789 ipsa
293 725 379 765 nunc
402 713 562 769 inonstrat
582 697 695 800 judicii
717 707 805 786 dies3
835 733 931 797 quare
950 717 1031 780 bene
1075 749 1081 760 ι

1 785 105 848 icitur:
132 787 297 859 adorare,
317 809 385 864 non
406 788 555 852 Satanam
577 801 610 852 et
629 787 886 872 Antichristum,
909 809 944 858 ut
964 802 1031 862 im-

19 867 195 958 seductique
223 869 354 940 faciunt
377 883 426 948 13,
448 883 569 950 1-17,
591 875 646 939 sed
668 873 770 939 deum
793 875 1028 950 solum'rerum
1105 927 1107 942 .

7 961 93 1018 nium
110 967 311 1039 creatorem
333 953 389 1037 (cf.
411 957 450 1020 atl
469 965 500 1035 4,
524 962 607 1038 11.),
639 963 740 1037 coeli,
771 973 890 1042 tetrae,
928 975 1027 1034 maris

1 1045 153 1128 triumque,
177 1045 308 1128 quibus
328 1045 514 1106 nominibus
534 1056 667 1130 quatuor
689 1059 722 1108 et
738 1067 833 1134 supra
855 1064 892 1126 ὃς
907 1060 1024 1126 7-12.

20 1129 232 1190 moritorum
271 1135 331 1204 16,
356 1139 448 1200 1-9.
478 1141 566 1191 totus
598 1131 736 1194 mundus
768 1137 828 1197 deo
866 1133 1026 1234 subjectus

0 1215 132 1276 ‚cribituu
158 1247 208 1260 -·
246 1208 294 1297 2)
317 1211 497 1276 Secundus
513 1217 645 1294 angelus
668 1237 700 1278 v.
721 1230 752 1286 8.
775 1219 932 1283 'Romam
953 1217 1024 1314 jure

8 1321 114 1361 asciam
138 1319 215 1361 csse
250 1298 452 1382 proclamat,
482 1311 519 1360 ut
547 1302 679 1382 angelos
703 1303 766 1364 hos
798 1318 862 1371 tres
883 1311 1023 1374 exitium

19 1382 57 1443 iis
82 1396 213 1448 tantum
247 1385 414 1446 universis
441 1385 576 1470 propius
604 1389 726 1448 instans
746 1385 872 1473 (c..16.)
894 1413 1021 1458 annun·
1069 1450 1073 1460 ,

1 1492 22 1532 ·e
41 1468 170 1550 rideas3·
187 1469 351 1532 ultimum
372 1467 519 1531 allIessia
537 1485 705 1555 praesente
722 1474 914 1562 impendens
932 1503 957 1540 c.
968 1491 1019 1552 19.

15 1555 80 1618 aliis
100 1555 307 1619 coelestium
327 1555 460 1617 vocibus
478 1559 723 1640 praenunciatur
738 1570 787 1634 19,
803 1573 894 1630 1·10.
939 1563 1019 1630 Cum

6 1662 20 1700 o
44 1642 106 1702 vati
134 1635 177 1700 ob
212 1661 329 1703 causas
360 1643 490 1726 saepius
509 1641 663 1704 indicatas
685 1642 807 1715 Rornae
826 1646 928 1730 ipsius
954 1671 1018 1712 no-

1 1747 21 1786 u
48 1723 213 1789 celandum
249 1728 416 1812 signisque
444 1738 569 1806 tanturn
597 1725 726 1790 ludaeis
755 1742 786 1791 et
820 1728 1015 1798 Christianis

6 1810 107 1894 spicuis
136 1812 352 1874 innuendum
378 1810 561 1890 rideretur,
593 1809 806 1898 Babylonem
829 1838 900 1880 eam
921 1835 1015 1884 vocat

9 1895 101 1958 ludaei
123 1917 282 1983 quoque,
313 1893 354 1958 cf.
374 1895 584 1978 Eiseumengt
601 1897 753 1960 l'udenth.
777 1898 816 1962 Τ.
839 1912 869 1970 1.
896 1923 929 1986 p.
949 1917 1014 1978 800

1 2001 35 2063 μ
50 2004 144 2068 neque
167 1994 246 2044 erat
268 2003 347 2070 quae
368 1981 616 2068 aptius‘Romac
638 1981 819 2048 innuendas
840 1988 1015 2054 inserviret

4 2067 174 2150 seligenda
198 2069 279 2131 alia.
335 2062 379 2129 Ut
403 2069 492 2145 anim
515 2067 663 2148 Babylon
684 2070 767 2132 olim
786 2075 1015 2154 potentissima
1058 2075 1060 2080 ’

2 2152 74 2212 cratis
95 2155 208 2216 omnis
239 2153 368 2233 generis
395 2155 616 2234 gravissimis,
640 2152 779 2215 ‘ludaeis
802 2159 1012 2238 potissimum

1 2227 59 2323 juria
85 2235 278 2324 oppressis,
315 2239 488 2302 notissima
509 2251 742 2324 proptereaque
763 2261 866 2324 poena
888 2247 1010 2309 excidii

1 2320 52 2381 rina
72 2322 267 2404 dignissima
288 2335 379 2401 erat,
413 2325 460 2386 ita
481 2323 585 2412 Roma
606 2346 676 2386 cum
703 2325 776 2385 aliis
798 2327 932 2407 flagitiis
955 2334 1011 2396 irr-

1 2407 73 2468 rneris
97 2422 169 2472 tum
196 2409 396 2472 Christianis
428 2413 554 2472 vexatis
580 2405 715 2474 infamis
743 2411 827 2472 haud
846 2413 1008 2488 minorem

1 2492 53 2551 ruit
71 2491 119 2556 dei
140 2515 296 2580 poenam.
331 2493 442 2575 ¹Igitur
464 2517 536 2558 cum
555 2506 646 2558 tauta
663 2497 706 2556 sit
728 2498 816 2559 urbis
837 2503 1005 2589 utriusque
1029 2547 1032 2552 -

1 2567 128 2656 alliodo,
163 2593 259 2643 vates
287 2581 415 2664 potiora
435 2583 544 2644 cannia
565 2601 643 2666 quae
665 2582 844 2664 prophetae
865 2585 945 2647 olim
966 2589 1006 2651 de

1 2659 96 2737 bylone
130 2665 227 2728 affati
256 2672 360 2742 orant,
403 2667 511 2732 verbis
546 2659 613 2727 fere
650 2662 767 2727 iisdem
794 2667 834 2728 ad
867 2668 1006 2738 Romaiu

20 2741 80 2808 slert
106 2745 156 2834 (ut
177 2753 304 2814 locutio
325 2751 379 2829 hic
403 2753 498 2832 obuia
519 2755 616 2815 ἔπεσε
637 2753 734 2837 ἔπεσε
755 2762 847 2812 carto
867 2753 1004 2830 cecidit,

1 2843 58 2894 creto
83 2831 136 2910 dei
157 2827 260 2898 firmo
281 2829 347 2924 jam
368 2834 403 2896 id
423 2838 645 2911 confirmatum
667 2847 876 2922 estmoxque
898 2853 1002 2906 ratum

1 2938 19 3006 t,
34 2955 66 3001 ex
85 2914 165 3028 5³3
190 2917 287 3030 uias
309 2916 408 3026 ἥξω,
431 2938 495 3002 Jes.
507 2949 559 3015 21,
580 2948 611 3011 9·
634 2939 686 3000 eo.
701 2933 766 3000 Jer.
781 2950 833 3016 50,
848 2951 880 3010 ρ.
901 2927 953 3018 51,
969 2957 1020 3016 gs

0 3027 44 3079 rte
66 3023 152 3089 ducta
187 3017 269 3104 est);
305 3025 390 3110 quod
421 3025 549 3112 quidem
575 3025 649 3108 ipsc
672 3026 808 3086 actionis
827 3048 1002 3110 progressu

1 3110 126 3185 quentius
158 3087 261 3174 eliam
285 3123 321 3196 ket
352 3109 933 3193 dilucidius(unprimis·c.17.18.)
955 3117 1001 3176 ira
1051 3191 1054 3202 Ι

0 3189 92 3256 sinuat
121 3209 216 3262 vates
247 3205 284 3258 ut
311 3191 461 3256 Romam
485 3194 731 3274 intelligendam
759 3213 830 3258 esse
850 3203 998 3285 apertius

3 3272 328 3361 ⁴1tlmulti's'i1'1digitet
350 3279 490 3342 indiciis.
537 3277 627 3343 Idem
650 3301 690 3342 ue
713 3281 775 3341 hoc
796 3281 903 3366 primo
925 3285 998 3348 loco

3 3360 184 3436 ’ituruturu's
206 3364 320 3472 adjicii
337 3357 360 3450 ἦ
380 3359 511 3450 μεγάλη
532 3301 690 3449 Babylon
710 3383 861 3449 magna,
884 3372 998 3454 quibus

0 3441 44 3506 bis
68 3447 204 3516 Romam
230 3463 387 3522 terrarum
415 3463 507 3537 caput
527 3448 702 3528 significari
722 3471 762 3511 eo
784 3462 835 3512 est
854 3459 996 3537 apertius

3 3553 7 3578 ¹
31 3535 163 3602 minores
196 3552 265 3601 tum
297 3537 454 3620 temporis
480 3533 664 3613 'Babylonis
691 3541 785 3597 verae
819 3557 837 3597 a
864 3539 1003 3602 ludaeis·
1050 3573 1055 3580 ·
1093 3579 1095 3588 x

3 3613 81 3681 linis
112 3623 272 3687 habitatae
307 3621 467 3706 reliquias¹
492 3617 593 3682 fuisse
625 3630 749 3682 constat
783 3639 825 3682 cx
856 3621 994 3710 Josaph.

23 3715 86 3782 ·15,
106 3717 135 3785 2,
156 3723 187 3782 2.
215 3708 317 3771 Strab.
340 3713 390 3780 16,
413 3718 442 3782 1,
463 3712 495 3774 5.
534 3705 609 3767 =Nec
637 3705 745 3768 minus
772 3725 864 3793 causa
886 3713 993 3772 verbis
1089 3764 1093 3774 x

12 3782 175 3862 -πεπὸτικε
200 3789 322 3858 ad'ecta
342 3793 573 3875 prophetarum
595 3783 639 3851 V.
659 3789 699 3850 T.
721 3791 914 3870 imaginibus
929 3794 993 3864 ad·
1046 3835 1049 3844 .
1082 3840 1090 3858 .

0 3863 75 3936 brata
93 3891 146 3940 est.
197 3879 277 3942 Cum
295 3875 370 3938 urbs
388 3888 518 3938 terrave
539 3868 595 3956 (cf.
622 3873 661 3936 ad
684 3885 732 3950 12,
756 3881 800 3956 1.)
811 3870 993 3960 scauriana

15 3974 71 4022 narn
90 3967 273 4052 saepissime
292 3961 419 4037 induat,
442 3957 537 4023 facile
558 3983 596 4022 eo
622 3957 733 4022 adduci
750 3971 990 4046 poterantpoe-

0 4056 1 4069 ¹
22 4033 166 4136 vatesque,'
192 4065 228 4114 ut
249 4051 360 4114 urbem
379 4067 433 4110 seu
455 4060 572 4110 terram
591 4044 721 4108 Israelis
742 4041 896 4129 perfidam
918 4049 940 4108 i.
960 4069 989 4110 e.

23 4133 90 4210 ‘iuml
108 4121 263 4234 juraverat
285 4129 400 4201 foedus
422 4131 842 4220 cultumque'negligentem
856 4125 990 4216 foemi-

733 4242 820 4324 16*
