2572 4868
167 343 169 354 ι
216 293 328 403 '134
366 307 409 378 11.
436 302 616 400 vermes,
664 299 708 378 11.
733 317 768 396 o,
792 319 826 386 3.
880 307 969 402 cap.
989 319 1025 398 9,
1051 311 1203 390 15-17.
1271 271 1272 290 Ν

239 515 306 561 non
334 490 468 572 Enochi
490 490 608 575 librum
630 496 683 569 54,
705 503 821 568 9-12.
848 487 988 554 Parthos
1017 501 1051 552 et
1084 501 1253 552 memorant

240 575 337 664 equis
358 577 566 662 potissimum
588 579 786 658 distinguere
811 587 923 638 notatu
944 575 1093 656 dignum.
1123 610 1163 620 —
1198 575 1256 644 tio

239 667 271 729 oi
299 655 545 747 ἡτοιμασμένοι
575 667 623 737 οἷς
655 657 718 748 τὴν
746 697 790 712 -·-
824 663 897 726 noli
931 660 1160 745 interpretari:
1191 657 1260 744 porri

140 811 143 825 ,
239 746 358 858 pnovis
381 755 550 831 tempore5
572 743 691 832 frustra
711 749 800 810 enim
827 751 875 822 εἰς
889 744 977 808 idem
989 767 1061 808 esse
1081 743 1209 808 sumitur
1223 741 1260 828 qul

186 878 193 890 .
238 857 293 910 ιγ,
312 843 356 894 et
386 831 457 916 ipsa
484 835 645 920 sententia
670 827 754 896 'haec
775 824 888 930 jejuna
910 827 1012 906 foret3
1050 831 1111 892 sed
1134 823 1258 891 sensusl'r

241 929 307 988 est:
329 917 434 1001 parati
455 916 491 978 in
513 918 596 986 hanc
611 921 751 994 horam,
780 920 884 992 diern,
908 939 1073 998 prerrsem,
1107 935 1215 976 armum
1229 914 1257 972 it

238 1003 277 1066 in
302 1003 369 1080 ¹hoc
400 1002 509 1086 ipsum
530 1000 698 1092 temporisf
710 1015 926 1078 munientem,
943 1001 1019 1089 'quo
1040 1001 1084 1062 ad
1107 999 1216 1084 impios
1229 1019 1262 1056 cn

241 1085 372 1150 ciendos
404 1107 516 1149 eorum
544 1112 642 1175 opera
672 1089 721 1162 uti
749 1079 810 1151 deo
841 1087 978 1173 placuit,
1010 1081 1135 1149 dudum
1161 1083 1264 1170 palutio

241 1173 412 1245 constituti
432 1183 503 1234 tum
521 1171 582 1237 deo
604 1181 714 1240 omnia
732 1173 918 1238 moderante
940 1171 1010 1234 tuni
1023 1173 1173 1258 ipsorum
1184 1167 1265 1228 libidine

241 1249 382 1320 nocendi
403 1255 603 1346 occasionem
620 1262 848 1347 praestolante.
907 1255 1007 1358 quue
1030 1247 1103 1320 va'ti
1127 1249 1263 1318 monaulon

241 1337 343 1406 fuisse
371 1343 521 1420 videtur,
553 1359 590 1408 ut
610 1346 774 1432 quomodo¹
794 1365 862 1406 non
884 1342 922 1420 in
950 1345 1083 1405 l'artaro
1106 1339 1160 1403 sed
1179 1337 1261 1399 insoltr

225 1450 331 1508 ·m01'e
375 1427 417 1490 etl
454 1427 654 1514 Euphratem
691 1429 857 1492 considere
891 1430 1062 1514 potuerint
1096 1425 1259 1512 explicator.

242 1519 300 1578 ἵνα
322 1507 451 1594 facilius
474 1515 513 1575 ad
535 1509 781 1602 ἡτοιμασμένοι
800 1535 902 1600 quarn
916 1513 956 1574 ad
975 1505 1152 1596 ἐλύθησαν
1171 1501 1272 1570 retinn-

244 1595 369 1671 ,Τεισία
396 1601 568 1660 hominum
600 1621 673 1686 pars
702 1595 756 1662 cur·
781 1600 834 1660 hic
856 1597 1081 1662 interficienda
1102 1596 1226 1666 dicatur,
1244 1609 1263 1648 et

182 1714 185 1725 ·
213 1691 217 1696 “
241 1683 283 1764 iis
304 1694 394 1770 patet
415 1704 494 1768 quae
516 1683 555 1746 ad
573 1697 603 1762 8,
620 1691 651 1754 6.
673 1687 878 1750 monuimus:
899 1707 974 1746 nam
995 1685 1052 1746 hic
1068 1673 1272 1769 quoquehoni·1

239 1789 298 1842 nes
320 1771 400 1830 salis
423 1767 563 1844 multos,
600 1777 659 1834 nec
681 1783 788 1833 taruen
810 1791 941 1846 omnes,
968 1765 1072 1854 plecti
1094 1763 1263 1831 convenit.-

241 1853 288 1932 Υ.
305 1859 356 1922 16.
389 1850 454 1916 Νοο
474 1873 582 1918 mora:
613 1857 799 1919 innumerus
822 1858 932 1918 statim
951 1855 1014 1915 hos
1037 1853 1137 1915 duces
1157 1843 1262 1920 insano·

237 1939 383 2024 sequitur
410 1940 568 2012 exercitus
588 1944 763 2030 equestris3
786 1951 820 2002 et
840 1941 931 2027 quasi
951 1935 1088 2000 milites
1104 1931 1261 2024 artoptae

183 2097 186 2104 p
239 2044 298 2108 per
331 2021 503 2086 daemones
529 2026 607 2088 illos
635 2027 708 2089 duci
736 2047 794 2112 per
815 2045 849 2087 se
870 2033 994 2111 pateat,
1030 2041 1183 2086 numerus
1200 2026 1260 2078 stam

239 2105 385 2194 equitum
405 2109 564 2171 iudicatur
585 2111 773 2198 stupendus.
814 2107 940 2193 Quanti
961 2109 1128 2171 exercitus
1149 2117 1258 2192 nurncutt

241 2215 314 2274 pum
350 2203 458 2256 vatem
492 2195 594 2258 oculis
624 2199 752 2284 assequi
782 2217 880 2280 posse
910 2201 1024 2282 pa'rum
1054 2189 1219 2276 verisimile
1235 2191 1257 2248 sil

240 2299 398 2362 summam
428 2280 459 2341 ei
491 2299 510 2342 a
537 2281 692 2346 coelitum
719 2281 858 2370 quodam
880 2281 1055 2344 indicatam
1078 2299 1149 2342 esse
1171 2270 1253 2351 fingilll

242 2373 279 2425 ut
300 2374 396 2451 supra
416 2372 447 2443 7,
468 2367 499 2435 4.

325 2532 371 2596 V.
386 2542 437 2605 17.
458 2525 513 2595 Ad
534 2531 711 2620 equitatum
729 2533 834 2610 hunc,
856 2531 912 2617 qui
933 2553 993 2617 pro
1015 2533 1166 2619 tempore
1183 2535 1247 2589 etot

241 2617 318 2681 silio
342 2631 559 2706 quoapparet
581 2618 738 2702 singulari
758 2619 914 2682 terribilis
937 2619 981 2678 sit
1001 2629 1034 2680 et
1057 2613 1212 2682 hainonis,
1225 2601 1247 2699 iij

239 2701 441 2767 scribendum
482 2703 633 2767 accedens
675 2716 765 2766 vates
807 2703 962 2764 animalia
995 2703 1181 2768 conunixtis
1209 2699 1252 2752 nib

239 2789 352 2852 'multis
381 2801 414 2851 et
444 2784 630 2869 ingentibus
664 2789 856 2852 inunaniora
888 2787 1025 2851 describi
1057 2809 1154 2877 posse
1182 2773 1257 2843 facilc

240 2896 335 2962 quam
356 2875 522 2952 homines,
544 2878 624 2938 bene
646 2876 749 2952 vidit3
771 2895 867 2960 quare
888 2875 1012 2960 equites
1032 2871 1205 2936 thoracibus
1221 2870 1257 2954 ill·

239 2971 309 3022 tum
327 2961 430 3022 firmis
450 2953 577 3040 fulgore
600 2955 710 3023 oculos
731 2960 1041 3046 praestringentibus
1070 2961 1151 3022 bene
1169 2952 1259 3017 ιοῑΗΗῙ65

236 3045 423 3130 vdescribens
449 3045 486 3106 in
512 3065 613 3130 equos
642 3049 766 3108 atrocia'
792 3045 900 3106 omnia
929 3055 961 3105 et
988 3057 1169 3107 monstrosa
1192 3045 1258 3124 cnut·

238 3130 301 3206 lat,
331 3152 399 3192 non
424 3130 495 3192 vim
521 3129 647 3193 tantum
677 3143 709 3193 et
727 3125 881 3193 ferociam
902 3149 1014 3191 eorum
1035 3131 1135 3191 solito
1155 3125 1259 3190 milsstem

238 3215 433 3302 depingens,
466 3213 521 3278 sed
548 3213 672 3278 diversi
703 3218 801 3279 etiam
822 3213 970 3277 animalis
990 3215 1145 3278 terribilis
1164 3205 1259 3288 natural

239 3309 271 3374 el
288 3311 483 3386 potestatem
499 3301 629 3386 equino·
641 3303 770 3388 corpori
791 3294 986 3383 adiungens,
1007 3310 1044 3361 ut
1066 3296 1190 3364 omnino
1207 3293 1229 3345 el
1241 3295 1260 3334 u

239 3387 300 3447 hac
330 3406 486 3470 equorum
511 3398 543 3447 et
570 3386 607 3448 in
634 3387 693 3448 illa
721 3387 917 3448 locustarum
945 3385 1070 3470 pictura
1091 3377 1231 3462 simillima
1244 3379 1259 3416 t·

163 3527 167 3532 .
238 3474 331 3542 7-10.
361 3471 446 3532 vatis
479 3471 581 3532 menti
613 3471 747 3534 eandem
775 3471 950 3550 imaginem
982 3473 1176 3550 obversatam
1199 3449 1259 3516 sulii

169 3571 181 3584 ⁸
236 3573 358 3640 videas.
378 3576 417 3650 ,ἐν
435 3573 478 3660 τῇ
494 3564 606 3657 ὁράσει
629 3561 735 3663 Ῑῆῖηᾎ,
761 3575 798 3636 in
817 3571 949 3638 visione
963 3573 1095 3638 videbar
1112 3565 1186 3634 milri
1199 3556 1258 3620 tabell

236 3663 414 3742 imaginem
443 3658 634 3744 adspicerep
654 3657 689 3720 id
713 3649 799 3745 q'uod
819 3680 891 3720 raro
917 3659 1005 3721 addit
1026 3672 1143 3722 auctor.
1189 3636 1257 3705 verb

238 3749 276 3813 ab
297 3745 395 3808 initio
417 3744 528 3829 paullo
549 3743 773 3829 impeditiora,
793 3766 864 3838 cupri
883 3743 921 3806 ad
936 3751 1063 3818 ἵππους
1078 3739 1170 3807 oratio
1182 3733 1257 3816 p⁰⁵¹⁸²

238 3831 367 3894 demum
396 3829 503 3890 verbis
525 3829 580 3899 ool
603 3835 638 3894 οιὶ
659 3829 800 3914 κεφαλαὶ
826 3841 885 3890 etc.
905 3829 1014 3893 redeat
1034 3841 1067 3892 et
1088 3825 1209 3914 equitatu
1224 3805 1255 3866 dt

237 3915 371 4002 scriptio
394 3915 503 3976 statim
524 3916 692 4000 prooemio
712 3933 837 3976 annexa
856 3916 909 3975 sit.
954 3915 1036 3977 Sunt
1057 3909 1198 4002 equitibus
1209 3895 1255 3954 ihi

236 4024 323 4066 taces
346 4001 436 4064 varie
448 3995 652 4084 sodomites,
672 4009 759 4062 utet
779 3999 994 4064 munitissimi
1017 4002 1084 4063 sint
1102 4008 1131 4062 et
1148 3988 1254 4052 terrortffl

239 4089 385 4153 hostibus
401 4085 583 4162 ,incutiam
615 4096 689 4146 sunt
712 4075 846 4172 πύριισι
870 4083 983 4170 ignei,
1013 4087 1099 4167 ignis
1119 4084 1200 4144 instar·
1216 4055 1266 4120 sti*

1265 4179 1266 4219 l
