2572 4868
405 189 413 230 l

171 367 214 438 11.
242 349 428 490 vendes.
479 365 505 440 t.
526 378 563 459 a,
591 381 624 448 1.
679 369 766 464 cup.
789 371 837 464 o„
851 383 887 454 3.
1000 353 1102 456 151³

10 549 177 615 trrestrium
199 553 428 616 conversione
448 551 506 616 unt
528 553 825 641 certantiumparti
847 565 950 619 certae
971 577 1070 626 omen

11 640 173 719 trignum,
194 649 233 700 ut
256 640 419 700 ultimum
439 634 499 700 sati
519 637 646 703 exitum
664 633 731 736 jam
751 663 794 705 ex
814 643 877 704 hoc
890 645 1068 724 augurarie.

10 741 42 806 u'u
60 747 134 810 anag
152 727 280 806 dotum
305 741 470 805 Hebraeos
492 745 527 806 in
541 743 788 808 enumerandis
796 741 961 830 pluribus
973 749 1067 810 rebus

10 809 215 892 uum'dlcere
247 823 323 914 pro
340 827 458 913 prime
466 850 479 905 3
510 827 620 919 potest
647 830 736 895 enim
764 844 796 893 et
817 829 900 914 illud
922 829 1067 912 cogitari,

10 911 156 973 liminis
188 933 314 990 unns,
342 911 437 976 ulter
458 925 517 977 etc.
547 911 677 978 Graecis
701 913 766 994 εἷς,
802 910 920 994 ἄλλος,
956 919 1069 1002 τρέφος

10 1007 37 1056 tc.
70 996 273 1060 Lectionum
300 989 343 1070 cic
365 991 458 1082 φωνὴ
478 1001 571 1070 unice
592 1022 706 1066 veram
725 1021 797 1064 esse
815 1003 860 1062 'ex
881 1024 913 1087 p·
933 1004 986 1072 42·
1007 1025 1067 1090 ap-

10 1091 73 1141 aret.
119 1081 262 1146 Vocem
302 1083 496 1148 altissimam
519 1083 656 1154 tonitru
676 1082 883 1162 referentem,
939 1109 995 1150 uae
1016 1101 1067 1152 est

10 1185 77 1244 urago
96 1169 177 1228 huic
200 1159 396 1231 librorum
418 1163 593 1232 serioribus
615 1171 861 1234 'aliis''solennis
883 1107 938 1257 (cl.
962 1179 1012 1250 14,
1033 1185 1064 1244 2.
1128 1235 1131 1241 ,

10 1259 34 1324 9,
49 1251 102 1333 6.),
132 1266 213 1340 apte
240 1255 303 1318 dat
322 1267 412 1316 vates
435 1257 669 1336 animantibus,
706 1259 897 1320 coelestium
919 1261 1065 1323 summis.

10 1333 81 1398 terta
96 1345 196 1428 ἔρχου
220 1340 286 1406 καὶ
310 1340 435 1426 βλέπε,
457 1363 535 1428 (luae
558 1339 720 1428 quomodo
743 1343 837 1411 aliter
860 1343 924 1405 dici
946 1356 1065 1432 potue-

10 1421 42 1482 brt
60 1431 184 1502 nescio,
205 1423 398 1502 exaEzeclr.
410 1437 440 1502 8,
451 1437 482 1498 9.
502 1427 616 1490 hausta
633 1445 709 1492 esse·
722 1438 842 1492 temere
858 1431 1007 1491 sumitur.
1020 1465 1064 1480 -

10 1504 27 1564 l·
39 1517 66 1575 2·
86 1509 193 1596 Eques
215 1511 349 1574 insidet
375 1511 529 1595 (praestat
543 1503 660 1599 ubiqde
675 1505 877 1600 redduntur
888 1508 944 1580 'tra'
958 1507 1063 1582 αὐτόν

10 1592 34 1650 ui
54 1591 234 1659 insederat
260 1593 302 1660 in
324 1593 415 1678 eum)
438 1619 519 1690 equo
542 1594 649 1676 etto,
667 1599 733 1684 'quo
757 1611 793 1660 ut
814 1601 930 1660 rariori
951 1612 984 1662 et
1003 1623 1061 1664 oo-

10 1697 76 1737 nern
89 1676 217 1762 functi
244 1683 372 1766 ominis
394 1695 524 1762 gerente
547 1683 626 1744 vehi
642 1681 755 1745 'solent
783 1681 852 1746 non
863 1682 966 1746 duces
987 1695 1062 1748 tan-

10 1783 44 1822 nn
62 1767 275 1833 exercituum
297 1763 372 1852 (Sil.
394 1765 435 1828 It.
451 1775 481 1844 4,
499 1780 573 1840 218.
594 1767 715 1830 Herod.
734 1777 766 1844 9,
785 1765 868 1853 62.),
890 1769 957 1845 sed,
974 1771 1059 1856 quod

10 1843 24 1904 d
47 1848 139 1911 hunc
154 1851 278 1914 locum
299 1853 458 1938 pertinet,
483 1852 630 1916 victores
654 1875 780 1940 quoque
805 1866 838 1916 et
858 1855 1060 1948 triomplgrm

10 1929 119 1996 lucentes
142 1933 188 2018 cs,
214 1933 333 2000 senec.
357 1939 395 2000 de
418 1941 465 2003 ira
485 1949 516 2012 3,
538 1948 589 2013 21,
612 1937 709 2020 Virg.
722 1936 809 2004 Aen.
828 1950 859 2016 3,
880 1949 954 2016 537,
976 1940 1057 2005 unde

10 2011 64 2077 ttftt
80 2029 126 2097 19,
174 2035 207 2092 1.
233 2023 373 2088 Christo
391 2026 510 2086 uictori
535 2030 641 2098 innoc
662 2017 777 2098 trenta
798 2023 969 2100 tribuimur
1001 2029 1057 2115 qui

10 2118 71 2184 eques
99 2118 135 2168 ut
193 2106 329 2186 ellatur
357 2104 453 2190 sortis
474 2129 548 2172 esse
566 2111 784 2192 intelligatur,
814 2131 937 2174 orcum
958 2122 1057 2193 tenet,

10 2187 61 2296 [aad
84 2193 221 2272 signum
252 2197 381 2285 saepius
414 2193 498 2281 apud
519 2199 645 2264 'veteres
668 2197 839 2258 bellatores
859 2208 992 2276 gerunt,
1023 2211 1058 2261 ut

10 2274 164 2342 arthornr‘n
198 2277 299 2365 re'ges
327 2284 363 2350 in
393 2282 513 2342 nuruis.
574 2277 708 2368 latiique
741 2277 773 2344 ei
806 2301 932 2359 corono
963 2281 1055 2345 datur

10 2353 225 2448 tiumpbult‘e,
263 2387 306 2428 ex
332 2367 473 2447 imagine
501 2387 568 2428 non
592 2379 740 2434 veterum
759 2365 976 2430 Hebraeorum
999 2369 1055 2432 sed

10 2443 52 2501 eri
64 2443 225 2514 lobannis
248 2451 541 2534 graeco-romaum
561 2461 654 2539 atque
674 2454 723 2515 ita
742 2452 776 2513 in
798 2449 953 2516 mundum
973 2453 1054 2517 buo-

10 2535 30 2584 at
43 2529 162 2610 victor,
184 2539 321 2619 signum
340 2559 456 2624 nempe
482 2549 515 2600 at
535 2538 653 2622 pignus
675 2539 830 2598 victoriae
849 2535 916 2635 jam
937 2535 1054 2618 ferens,
1136 2587 1138 2597 .

10 2615 22 2665 l
39 2623 70 2672 ut
87 2615 217 2684 vineat
239 2625 262 2688 i.
282 2639 310 2686 ea
333 2623 395 2698 boc
422 2627 433 2684 i
459 2644 494 2684 so
518 2625 615 2684 simul
643 2624 697 2686 dei
716 2621 866 2691 mandato
891 2623 1054 2703 dimissus,
1131 2681 1132 2684 ,

10 2701 26 2750 rt
40 2699 204 2770 notoriam
227 2721 384 2800 reportet.
419 2704 420 2713 ’
472 2707 520 2778 ra't
538 2710 626 2776 enim
648 2732 690 2772 ex
713 2717 847 2797 quatuor
868 2711 986 2772 horum
1005 2713 1053 2774 si·
1168 2711 1171 2722 ’

10 2777 123 2866 tiliorum
157 2794 277 2862 indole
308 2791 407 2858 modo
435 2793 594 2856 delineata
628 2791 676 2856 in'
692 2793 757 2857 fine
787 2793 840 2855 dei
869 2795 1053 2885 mandatum

10 2862 231 2957 adjungendum,
263 2903 326 2967 quo
357 2881 532 2942 instructus
560 2879 708 2970 prodiit,
736 2879 771 2940 id
799 2881 885 2967 quod
910 2881 1053 2944 breviter

10 2953 100 3032 itidem
122 2975 156 3024 at
179 2966 261 3028 satis
289 2965 429 3030 dilucide
457 2965 513 3027 his
539 2965 620 3050 ipsis
641 2965 749 3028 uerbis
776 2965 831 3031 καὶ
854 2972 912 3030 ἵνα
932 2959 1052 3057 νικήσῃ

10 3051 160 3122 ttpressum
190 3065 252 3114 est.
310 3049 395 3113 lllale
427 3053 514 3118 enim
543 3051 623 3112 haec
646 3052 742 3114 rerba
763 3051 809 3111 sio
832 3051 1052 3136 explicantur:

10 3123 104 3263 ’odiit
131 3133 296 3201 victoriis
325 3145 506 3227 desuetus,
547 3135 644 3205 unam
673 3145 750 3230 post
776 3135 910 3202 alteram
935 3157 1058 3224 repor-¹
1093 3175 1097 3188 ι

10 3221 104 3276 rurus.
637 3247 639 3250 ·

13 3453 19 3468 ,
63 3385 101 3462 l)
121 3395 154 3466 6,
175 3403 274 3476 3-8,
308 3391 378 3458 ,Sed
399 3392 591 3458 certantibus
611 3393 648 3457 in
668 3405 756 3459 terra·
773 3389 972 3456 calamitates
991 3411 1051 3453 va-

10 3475 49 3521 rae
65 3469 236 3544 imminent
252 3481 421 3543 interitum
433 3475 611 3544 afferentes
629 3501 771 3561 gravem.
827 3475 919 3562 Quae
941 3479 1049 3538 variae
1135 3558 1140 3568 .

10 3561 36 3642 tx·
46 3551 116 3618 belli
133 3583 278 3628 successu
288 3563 337 3626 ‘ita
352 3567 520 3652 paullatim
533 3578 725 3652 sequuntur,
748 3577 785 3627 ut
801 3586 819 3627 e
833 3564 919 3626 bello
937 3561 1050 3637 sames,

10 3619 56 3696 lun
74 3649 191 3728 pestis,
211 3651 349 3737 denique
370 3653 547 3726 belluarum
567 3654 739 3714 hominum
761 3650 926 3714 domicilia
947 3667 1049 3734 paene

10 3727 76 3810 larua
94 3721 158 3820 jam
175 3736 431 3818 ingredientium
449 3737 622 3802 multitudo
650 3740 759 3823 noxia
780 3733 937 3798 orianturss
984 3729 1050 3794 Sed

10 3811 45 3894 ltt
63 3829 167 3880 ornnes
184 3823 223 3884 ad
243 3831 314 3884 treo
335 3824 491 3904 imagines
512 3845 569 3886 seu
594 3823 712 3903 sigilla
727 3833 933 3885 revocaturus
956 3829 1048 3898 uates

10 3895 180 3986 le{fatuitas
201 3907 306 3983 si'stit,
335 3931 471 3994 quorum
492 3912 616 3995 primus
637 3905 782 3979 bellum,
805 3909 885 3972 alter
897 3900 1062 3990 semema

10 3985 92 4040 tarbua
112 4001 254 4070 mortem
274 4015 317 4056 ex
339 3994 488 4058 omnibus
511 3995 761 4070 calamitatibus,
785 3993 871 4054 bello
894 4007 993 4074 aeque
1015 3999 1048 4049 et

10 4039 81 4138 llll,
108 4087 140 4133 ac
166 4089 257 4161 peste
284 4089 318 4141 et
335 4081 513 4148 belluarum
535 4079 743 4143 multitudine
767 4089 857 4139 aucta
879 4071 1049 4136 oriundam

10 4143 81 4210 terrae
112 4161 250 4227 afferens
273 4163 417 4250 prodeat.
471 4163 545 4249 Qua
573 4167 609 4230 in
635 4165 767 4227 fictione
776 4175 911 4226 snorum
936 4159 1047 4222 videas
1121 4185 1132 4192 ·
