2546 4868
103 371 141 444 Π.
163 369 347 442 Visiones.
397 370 513 451 111.2.,
533 370 624 450 03.
649 370 815 464 Cap·20‚
835 381 871 452 4·
947 383 1022 462 999
1074 317 1082 338 *

15 577 62 632 m,
80 547 101 639 ἡ
118 551 290 639 οἰκουμένη
314 548 354 616 ci.
376 552 415 616 ad
438 562 489 632 16,
513 558 597 633 14),
614 553 761 702 1quadiu
780 554 866 620 libro
887 553 952 618 hoc
971 555 1024 618 rei
1104 605 1107 614 .

13 643 146 704 ristiauae
164 661 284 724 semper
312 641 504 786 opponitur,
527 653 595 704 ium
629 642 708 702 raeti
729 650 760 704 et
781 641 862 706 victi
882 642 1025 726 provin-

12 749 47 802 ιε,
85 727 154 788 hinc
178 747 243 786 cum
274 747 347 787 non
372 749 437 790 um·
457 728 494 788 ab
523 728 669 794 omnium
696 727 867 792 homiuum
896 727 1023 812 impetu
1101 759 1105 780 ι

12 812 234 892 ιΙενοΙοιΐυιυιιι
268 811 319 872 sit
343 809 541 874 Messianum
567 833 722 892 reguum,
754 814 791 874 'nr
817 813 882 876 fine
910 813 1024 876 ruuudi

13 909 95 960 tauas
114 897 235 958 vinculis
260 898 393 959 solutus
413 910 526 977 gentes
547 899 701 960 interrae
717 897 822 982 plagis
840 899 1023 960 remotissi-

9 1005 31 1043 rs
50 985 128 1057 sitas,
150 983 343 1066 quibuscum
362 986 452 1046 nulla
472 1005 516 1046 uu
539 1005 612 1046 uam
633 1004 691 1046 nec
707 982 860 1060 ‚liurnano
881 985 1022 1068 imperio

9 1091 29 1128 :c
54 1089 135 1146 reguo
157 1068 345 1130 christiano
373 1069 406 1132 ei
436 1005 617 1132 succedenti
646 1071 782 1132 societas
808 1079 841 1130 et
856 1071 1023 1150 'cognatim

8 1153 15 1212 i
43 1155 136 1214 balium
160 1156 289 1216 sanctis
320 1163 352 1220 ei
379 1155 434 1216 vel
457 1154 699 1234 Hierosolymis
729 1154 821 1234 regni
841 1154 912 1217 sedi
933 1149 1024 1217 iufe-
1088 1207 1092 1216 .

7 1239 87 1298 udum
101 1237 235 1303 seducet·
296 1237 423 1302 Horum
451 1261 530 1304 vero
551 1251 666 1303 conatu
687 1239 858 1304 temerario
878 1252 910 1304 et
929 1236 1024 1304 nesa-

8 1344 20 1380 u
49 1343 181 1406 represso
224 1337 259 1386 et
290 1323 420 1388 Satanas
454 1327 612 1411 impiique
639 1338 743 1388 terrae
772 1326 873 1388 totius
903 1348 1025 1403 omnes,

7 1418 116 1492 stquam
134 1404 258 1470 frustra
280 1410 347 1494 piis
367 1414 552 1496 perniciem*
564 1422 751 1474 struxerunt
770 1413 932 1496 perspecti
945 1414 1024 1487 satis

7 1503 34 1550 ut
51 1506 131 1578 atque
151 1503 293 1579 poenas
307 1516 446 1560 summas
468 1498 689 1572 cumularunt,
730 1507 762 1559 et
796 1497 891 1558 finito
925 1499 1025 1560 simul
1072 1506 1073 1518 ¹

6 1576 70 1636 uudi
93 1600 246 1643 saniorum
281 1583 370 1660 cyclo
393 1577 551 1678 judicium
570 1581 610 1644 de
632 1582 780 1644 omnihus
800 1583 929 1644 institui
959 1584 1040 1645 im-·
1095 1615 1098 1626 ·

6 1661 70 1744 ‚ique
93 1664 122 1726 iu
142 1668 387 1751 sempiternum
415 1690 433 1730 a
453 1670 520 1756 piis
540 1667 675 1745 ,arcendi
696 1680 729 1730 et
748 1666 908 1755 puniendi
929 1668 1026 1732 flam-

6 1745 35 1804 tis
53 1747 117 1810 uadi
133 1761 291 1836 possunt.
888 1787 893 1798 ⁴
995 1764 997 1770 '

55 1887 129 1973 Spem
145 1895 244 1976 regni
270 1881 367 1993 hujus
386 1895 535 1958 milliarii
556 1895 641 1960 iuter
659 1895 698 1960 N.
707 1895 747 1960 Τ.
770 1896 943 1981 scriptores
965 1919 1026 1960 va-

6 1988 28 2029 es
43 1987 124 2038 ucster
143 1983 238 2043 solus
264 1979 474 2044 adumbravit.
524 1983 604 2046 uara
626 1983 724 2045 ceteri
744 1977 936 2068 scriptores,
969 1984 1027 2070 qui

6 2055 103 2122 isertius
119 2067 231 2149 paullo
255 2061 422 2154 fusiusque
444 2090 549 2130 rerum
568 2071 604 2134 iu
623 2071 688 2132 fine
702 2067 814 2131 mundi
828 2070 1026 2150 ultimarum,
1057 2101 1067 2122 s

7 2143 72 2234 {uelis
87 2155 322 2236 exspectabatur
340 2155 600 2240 sperabaturque,
631 2155 748 2217 seriem
769 2167 934 2230 salamani,
967 2177 1026 2218 nec

6 2223 166 2298 calleamus
203 2259 350 2323 unquam
370 2241 567 2316 memorant,
603 2263 681 2316 nec„
706 2239 792 2327 quod
821 2241 875 2302 vel
902 2235 1027 2337 rnrrjore

9 2329 48 2370 tte
64 2335 228 2404 exspectes,
251 2325 326 2410 pios
341 2323 447 2409 prius
467 2319 641 2422 judicatum
672 2327 716 2387 iri
737 2337 770 2388 et
789 2327 826 2390 in
847 2326 950 2388 vitam
972 2325 1040 2390 re?

8 2409 89 2488 juratos
105 2407 138 2468 iu‘
160 2420 252 2472 terra
258 2402 346 2558 fljam
372 2414 590 2496 praemiorum
619 2411 807 2498 coelestium
827 2401 947 2508 justum
969 2411 1029 2478 de-

9 2479 108 2550 licturus
135 2513 206 2558 esse
239 2519 257 2557 a
283 2507 415 2572 irruant,
442 2496 557 2560 u‘tarth.
578 2499 638 2573 24,
659 2503 797 2572 29-31.
819 2509 871 2573 25,
889 2503 1027 2570 31-46.

22 2562 75 2630 Cor.
99 2587 144 2654 15,
166 2591 311 2654 23-28.
348 2594 365 2652 1
388 2581 536 2654 Thessal.
557 2589 587 2658 4,
613 2593 749 2654 15-17,
780 2597 800 2655 2
825 2583 974 2646 Thessal.
996 2597 1027 2662 1,

12 2663 265 2744 710·2,3-12.
287 2665 359 2756 (nec
379 2663 546 2730 referenda
568 2669 630 2730 huc
653 2669 781 2732 videtur
801 2663 824 2753 ἦ
846 2661 1028 2752 ἀνάστασις

10 2737 175 2837 ssttdtuur'tmt
208 2751 287 2816 Luc.
317 2755 513 2828 14,14’.15.
542 2749 765 2831 ε]1.Αοῐ.24,
790 2755 855 2832 15.)
899 2753 1027 2834 Vulga-
1068 2785 1075 2806 ι

9 2837 36 2878 ¹⁰?
52 2830 138 2905 igitur
153 2835 244 2900 inter
257 2837 396 2901 Judaeos
415 2861 513 2926 aeque
529 2842 654 2923 priores
666 2862 700 2902 ac
713 2838 919 2908 Christianos,
929 2835 1028 2926 Apo-

10 2905 113 3004 ¹tlprum
133 2933 238 2987 aetate
258 2925 337 2986 haec
358 2917 419 2990 fuir
438 2927 570 3010 opinio,
602 2925 752 2990 Messium
773 2928 809 2988 iu
830 2937 946 2988 terram
968 2927 1027 2989 ed-

7 3005 141 3066 'intentam
161 3011 274 3072 statim
297 3009 336 3072 de
358 3013 505 3072 orrnribus
524 3005 755 3105 judicaturum,
785 3012 906 3096 impios
929 3015 1029 3098 puni-

7 3091 68 3178 erup
86 3098 175 3174 atque
208 3095 283 3180 pios
308 3095 344 3157 in
372 3098 541 3158 uueliorem
568 3096 724 3162 muudum
753 3097 828 3159 vitii
860 3102 966 3172 omnis
996 3111 1030 3162 et

7 3177 67 3226 tturr
85 3189 263 3277 expertem!
278 3181 504 3245 translaturum
526 3203 597 3244 asse
620 3181 661 3262 1).
712 3179 782 3246 Imo
819 3203 910 3270 spem
936 3185 1029 3250 illam

22 3304 110 3388 tt'Neo
137 3321 209 3377 liber
234 3325 342 3378 Enochi
368 3337 396 3380 et
413 3329 501 3386 dEsr.
519 3328 596 3379 mille
622 3345 758 3380 annorum
781 3342 899 3396 regnum
916 3339 1029 3380 norunt·
1095 3377 1101 3387 ,

42 3377 141 3442 tullum
155 3394 345 3464 Apocalypsin
359 3403 430 3452 inter
448 3411 476 3451 et
494 3400 616 3467 reliquos
632 3401 667 3454 N.
680 3400 713 3451 Τ.
731 3404 892 3465 scriptores,
908 3400 1030 3452 Paulum

45 3463 191 3528 Praecipue,
211 3469 360 3521 discrimen
378 3487 443 3522 vera
460 3474 595 3533 inveniri,
622 3481 685 3537 post
703 3469 849 3523 Bettholdt
866 3470 1029 3542 christolog.
1060 3497 1062 3502 ·

45 3533 66 3586 Ρ·
79 3535 136 3591 179·
153 3546 215 3600 191.
234 3556 324 3606 nuper
347 3541 535 3593 demonstrare
560 3547 673 3594 annisus
697 3554 739 3594 est
762 3545 788 3594 J.
807 3545 839 3592 F.
858 3540 981 3593 Flattius
998 3547 1030 3594 in

45 3607 134 3680 rogum.
160 3611 311 3676 peculiari:
341 3617 531 3664 annotationes
560 3611 593 3664 ad
618 3615 712 3664 locum
731 3613 811 3666 Pauli
829 3613 883 3680 Ap.
900 3613 1028 3672 1Thess.
1049 3615 1057 3639 ·’

46 3661 86 3752 lig
102 3679 141 3732 16.
160 3696 181 3738 s.
200 3683 266 3738 coli.
285 3699 349 3733 cum
366 3681 457 3750 Apoc.
474 3685 542 3736 XX.
559 3689 589 3735 iu
608 3701 705 3754 opusc·
724 3686 784 3751 ejus
804 3685 880 3738 acad.
898 3683 940 3736 cd.
955 3683 989 3735 Ge
999 3685 1029 3737 F.

49 3731 405 3820 Sttskiud.Tubirrg.1826.
430 3771 457 3822 p.
473 3761 624 3814 411-133.
673 3755 727 3808 Sed
753 3773 818 3808 eum
835 3755 888 3808 hoc
905 3764 961 3806 non
980 3753 1029 3805 de-

47 3818 199 3875 monstrasse
218 3825 369 3877 discrimen
386 3838 512 3893 apertuur
531 3831 613 3878 auxie
632 3828 781 3887 celantem,
805 3845 860 3878 uon
877 3826 1030 3889 tollentem,

60 3886 173 3944 utendum
190 3907 240 3946 est·
275 3897 442 3967 Frustraque
459 3903 572 3950 omniuo
590 3896 710 3962 laborat,
735 3905 784 3966 qui
800 3916 868 3966 quac
887 3900 956 3948 varii
969 3912 1031 3962 spe-

51 3964 146 4024 rarunt,
172 3967 203 4017 ad
223 3968 399 4022 concordiam
421 3975 451 4020 iu
471 3971 742 4042 siugulismiuutam
760 3985 889 4022 revocare
907 3978 1031 4020 conatur.

50 4015 84 4070 ita
98 4025 195 4089 Paulus
214 4055 283 4104 quae
303 4039 336 4093 de
360 4041 462 4093 Massia
489 4054 520 4092 ut
540 4041 585 4092 dei
605 4042 697 4108 legato
715 4053 778 4106 post
797 4039 929 4090 mundum
949 4039 1033 4090 saluti

54 4101 107 4179 ⁸¹¹³?
122 4106 255 4159 redditum
274 4109 450 4180 officiumque
469 4128 548 4170 suum
576 4117 613 4162 ira
632 4111 785 4178 perfectum
802 4111 911 4164 taudem
930 4109 982 4162 deo
1001 4125 1031 4162 se

55 4162 197 4234 ⁸¹¹bticienre
215 4181 299 4234 tradit
317 4182 405 4241 1Cor.
424 4187 467 4245 15,
486 4187 607 4246 23ss28‚
629 4183 814 4250 Apocalypsis
831 4195 859 4234 et
877 4188 986 4248 ignorat
1004 4193 1032 4235 et
1065 4207 1068 4212 ·

57 4243 130 4295 ”ilem
154 4251 197 4304 rel
220 4257 261 4306 sic
284 4251 433 4306 credidisse
460 4269 511 4305 nos
527 4266 568 4340 lut
594 4255 736 4308 credamus
752 4272 810 4308 uou
827 4254 947 4307 adducit.
989 4253 1034 4307 Ex
