2572 4868
82 421 109 476 μ
215 399 290 468 rto
342 355 575 456 nssvieones.
600 381 708 462 1111.
726 393 763 462 r.
782 376 1089 478 11101111,
1106 395 1161 475 19-
1186 395 1249 470 111,

214 571 265 634 V.
280 579 331 644 19.
355 567 437 631 Rata
463 567 536 632 fieri
553 557 648 653 ,quae
678 564 726 629 ita
743 567 887 629 'coelites
909 565 949 630 de
967 566 1061 648 regni
1084 565 1248 628 coelestin

215 671 300 720 terra
332 653 532 717 instaurandi
559 653 743 738 impiosque
775 652 931 737 perdendi
963 663 1113 738 tempore
1143 653 1253 734 proxi!

217 747 357 808 instante
386 742 450 804 sibi
476 741 730 824 mortalibusque
752 739 964 828 congratplati
985 749 1096 814 erant,
1130 729 1230 798 deus¹

217 832 290 916 ipse
314 827 418 905 signis
441 823 565 887 duobus
586 835 721 887 testatur
742 825 893 904 gravibus
913 835 946 885 et
959 823 1156 910 perspicuis.
1201 755 1260 904 (ζ

219 936 291 976 rum
313 912 403 996 prius
425 909 557 996 quidem
579 911 618 972 ad
639 909 674 971 id
697 919 818 994 spectat
839 905 926 994 quod
948 929 1045 994 supra
1067 909 1248 977 etiam-va·

221 1011 272 1069 18.
294 997 399 1092 priori
420 1010 452 1058 et
472 998 644 1082 praecipuo
666 995 739 1056 loco
755 993 919 1056 laudatum
932 1005 998 1070 est,
1018 992 1129 1078 regni
1142 990 1214 1054 coel
1235 986 1243 997 '

183 1091 186 1098 '
221 1080 366 1146 initium
385 1082 467 1166 jam
492 1091 632 1166 potens.
686 1076 786 1162 Quod
813 1081 955 1160 imagine
986 1099 1028 1141 ex
1051 1097 1126 1140 arca
1154 1072 1262 1138 foetet

204 1186 361 1250 ‘mosaica
382 1167 523 1269 (lll'ttffl
551 1171 651 1270 Jl‘ttt‘
666 1181 771 1246 Exod.
792 1190 844 1264 40,
866 1187 925 1264 2.).
942 1181 1084 1247 desumta
1108 1202 1208 1268 eaque
1224 1193 1267 1240 1111

222 1271 351 1358 quidem
372 1271 529 1355 temporis
548 1262 737 1356 pervulgata
757 1272 961 1356 exprimitur.
1018 1268 1113 1330 Hauc
1135 1267 1221 1330 euim
1237 1283 1269 1326 u·

223 1379 292 1418 cam
313 1354 445 1418 traditio
467 1365 542 1440 post
564 1355 700 1417 exilium
722 1367 796 1417 nata
821 1377 839 1416 a
857 1348 996 1417 tere'mia
1022 1357 1081 1416 sub
1104 1365 1196 1438 petra
1234 1369 1273 1410 ur·

224 1442 297 1504 dam
322 1461 409 1502 sacra
429 1439 553 1502 nemini
574 1440 834 1524 conspiciendam
855 1442 901 1502 ita
922 1439 1061 1502 abditam
1083 1433 1191 1500 fuisse
1211 1373 1269 1497 llere·

223 1529 292 1604 bat,
321 1538 359 1588 ut
386 1528 423 1588 in
443 1527 509 1588 fine
530 1525 660 1588 demum
679 1547 786 1588 rerum
799 1528 892 1588 'inter
913 1537 1119 1589 mortuorum
1139 1526 1178 1586 in
1197 1527 1270 1585 riter

224 1613 364 1676 reditum
400 1612 555 1696 regnique
588 1611 740 1673 coelestis
776 1613 917 1697 auspicia
953 1611 1123 1697 proditura
1164 1612 1208 1671 sit
1238 1616 1267 1666 111

223 1701 260 1762 in
280 1699 390 1784 ipsum
408 1697 535 1758 coelum
555 1697 684 1782 ejusque
706 1698 864 1782 templum
884 1707 938 1758 aut
960 1696 1046 1784 qued
1067 1695 1106 1768 ad
1124 1693 1213 1757 idem
1227 1689 1269 1752 lar

223 1783 309 1846 redit
335 1786 373 1868 in
402 1793 547 1844 montem
569 1783 659 1844 Sinai
677 1783 818 1858 sublata,
845 1794 883 1844 ut
897 1783 1055 1867 deinceps
1076 1783 1168 1842 inter
1188 1777 1264 1841 hout-

222 1891 281 1934 nes
307 1869 380 1933 aevi
412 1863 518 1929 felicis
538 1869 679 1928 mosaico
703 1870 822 1946 similis
845 1879 878 1930 et
900 1859 1033 1966 majoris
1055 1867 1265 1930 ernendatosrl

223 1966 337 2016 castos·
356 1953 393 2015 in
419 1955 611 2038 perpetuum
636 1954 709 2014 loco
737 1973 796 2022 suo
820 1975 970 2016 mansura
997 1954 1058 2028 sit;
1092 1949 1140 2013 cf.
1162 1947 1262 2014 Dorotl.

224 2035 304 2120 Tyrj
339 2039 378 2100 de
403 2042 464 2100 vit.
496 2039 647 2122 prophet.
671 2059 705 2100 v.
730 2047 781 2109 15.
809 2039 859 2102 ed.
886 2037 979 2101 Fabia
1009 2060 1042 2123 p.
1055 2040 1136 2108 451.
1168 2051 1261 2119 etqua

224 2145 320 2211 supra
346 2124 385 2185 ad
412 2135 442 2199 2,
466 2132 516 2192 17.
538 2145 575 2207 p.
590 2133 660 2195 119.
689 2135 799 2198 notata
823 2136 908 2186 sunt.
971 2119 1060 2205 Quid
1083 2123 1189 2202 igitur
1205 2116 1285 2198 regri1

224 2211 374 2272 coelestis
401 2203 468 2307 jam
494 2209 643 2280 inchoati
667 2212 783 2271 certius
804 2213 933 2292 signum
959 2211 1147 2294 pignusque
1168 2201 1258 2286 cogitati
1284 2199 1285 2272 Ῐ

162 2367 166 2384 .
223 2307 368 2381 poterat,
404 2316 497 2380 quam
521 2313 609 2355 arcae
630 2289 727 2391 hujus
747 2289 814 2390 jam
836 2317 853 2356 a
876 2296 948 2356 loco
967 2297 1033 2356 isto
1056 2293 1170 2356 abdito
1189 2291 1255 2354 sulla-

139 2447 142 2460 ,
163 2429 167 2438 .
222 2385 274 2444 tae
294 2383 391 2466 inque
411 2379 569 2464 templum
590 2379 643 2440 dei
662 2382 803 2444 coeleste
817 2371 985 2462 translatae
1000 2390 1153 2464 aspectus
1165 2367 1254 2464 patens?

197 2463 374 2534 ,Alterum
395 2487 479 2528 vero
500 2464 600 2540 ill-ud,
629 2466 806 2551 impierum
833 2466 956 2528 scilicet
986 2465 1158 2527 excidium
1175 2461 1252 2560 petua

224 2562 311 2618 certo
341 2549 495 2625 instare.
512 2550 590 2615 deus
618 2545 815 2632 fragoribus,
848 2551 1040 2626 tonitribus,
1071 2561 1178 2612 terrac
1193 2553 1246 2607 11111

225 2659 296 2700 cum
324 2637 378 2697 his
407 2631 577 2708 coniuncto
599 2636 818 2723 grandineque
838 2636 931 2718 gravi
950 2636 1099 2720 excitatis
1120 2635 1248 2716 signitur

225 2722 426 2808 cerniturque
455 2721 516 2782 hic·
539 2721 622 2782 mira
650 2743 711 2809 qua
740 2722 1030 2784 ornnessvisiones
1052 2721 1254 2783 colmannus

223 2809 372 2889 insignis.
431 2803 523 2892 Quae
552 2808 643 2868 enim
669 2801 767 2905 hujus
796 2809 924 2888 generis
950 2808 1017 2870 irae
1045 2805 1183 2868 divinae
1207 2805 1262 2882 sign

220 2889 288 2992 jam
311 2912 406 2978 supra
425 2903 458 2969 8,
480 2900 512 2962 5.
541 2892 578 2953 in
598 2913 774 2977 poenarum
796 2894 942 2972 gravium
962 2892 1060 2954 initio
1088 2894 1189 2966 obvia
1207 2893 1266 2953 eratl

224 2983 491 3064 tigmentoapto,
513 2975 624 3039 eadem
643 2979 699 3040 hic
721 2980 917 3046 instantibus
938 2977 1062 3040 ultimis
1083 2979 1204 3062 poenis
1222 2991 1266 3055 grt

75 3153 78 3160 Ι
126 3077 131 3083 ’
225 3067 318 3130 viora
338 3063 472 3125 redeunt
498 3074 531 3124 et
549 3054 635 3124 infra
656 3070 707 3140 16,
730 3075 782 3136 18.
802 3065 839 3126 in
856 3075 1020 3150 extremae
1039 3063 1155 3147 plagae
1178 3073 1269 3124 terne

224 3151 416 3232 gravissime
444 3169 505 3234 qua
536 3148 618 3229 fingi
645 3160 795 3236 poterant
828 3150 863 3213 vi
889 3150 1026 3236 repetita
1047 3149 1224 3226 sistentem
1245 3133 1269 3202 cl.

224 3234 630 3322 pmfflffifflaa

261 3474 276 3504 s
296 3433 340 3495 .2.
364 3422 442 3486 Post
468 3421 547 3484 haec
573 3417 683 3507 ipsum
707 3416 861 3494 lllessiam
874 3415 1109 3484 adventantem
1130 3419 1271 3506 suspecta·

224 3529 313 3584 mus,
347 3511 402 3594 qui
425 3529 568 3590 regnum
599 3507 737 3568 coeleste
767 3507 986 3590 auspicaturus
1008 3509 1132 3592 impios
1152 3511 1238 3592 prius
1252 3507 1272 3558 el

194 3595 202 3612 '
226 3589 341 3657 hostes
360 3596 393 3654 ei
414 3594 591 3655 contrarios
612 3591 733 3667 deleat,
754 3593 898 3654 vindicta
919 3612 997 3678 quae
1017 3605 1165 3676 superest
1185 3592 1273 3653 ultima

225 3680 322 3765 plene
346 3678 508 3739 sumenda.
560 3673 607 3738 At
622 3677 682 3753 ,hic
700 3696 768 3740 non
791 3678 900 3762 ipsum
921 3679 1030 3750 statim
1052 3679 1139 3740 hunc
1159 3675 1272 3739 Messio

224 3769 261 3827 in
282 3774 400 3826 terram
422 3762 595 3826 adventum
616 3762 848 3847 victoriamque
866 3762 1013 3848 depingit
1031 3776 1138 3839 vates,
1160 3761 1216 3825 sed
1233 3757 1270 3819 ut

224 3851 359 3916 molitur
377 3847 469 3933 prius
491 3847 708 3910 delineatione
730 3849 808 3908 satis
829 3849 928 3928 longa
948 3850 1165 3934 praemittere.
1217 3845 1270 3908 llam

225 3958 283 4024 per
312 3958 347 3998 se
375 3935 480 4020 placet
500 3933 586 3994 haud
611 3932 706 3996 dubie
729 3933 807 4004 haec
829 3933 939 3996 ultimi
963 3955 1071 3996 rerum
1092 3929 1152 3994 fati
1176 3929 1267 3995 deseri·

227 4021 322 4086 bandi
343 4040 451 4096 mora,
486 4039 548 4104 quo
571 4041 643 4086 non,
659 4018 780 4097 largior
802 4028 925 4103 tantum
948 4041 1054 4081 rerum
1074 4015 1270 4104 depingenda·

222 4129 295 4171 rum
315 4109 394 4170 fluat
410 4105 576 4178 materiem
599 4104 660 4166 sed
677 4106 834 4168 lectorum
854 4107 952 4168 etiam
974 4106 1099 4167 animus
1120 4097 1269 4165 cunctando

223 4205 256 4254 et
284 4193 338 4280 ad.
356 4193 418 4254 alia
448 4189 603 4276 rapiendo
626 4187 665 4253 ad
684 4190 835 4276 ultimum
857 4191 1149 4275 gravissimumque
1169 4189 1269 4251 exitum
