2796 4870
191 357 253 426 De
277 349 456 468 scribendi
476 347 624 450 consilio
646 347 799 442 librique
824 365 1047 443 argumento.
1127 371 1152 443 3

64 541 181 605 stiana
206 537 297 604 alieni
326 532 403 620 laeti
435 533 666 606 detrimentum
695 529 857 598 inferrent
884 533 932 598 rei
962 535 1153 606 christianae

65 662 259 721 summum,
287 639 414 704 solandi
442 649 534 704 eraut
560 638 670 702 miseri
700 648 732 700 et
752 635 912 725 erigendi,
945 639 1154 728 vituperandi

67 747 181 812 timidi
208 757 241 810 et
266 745 380 832 impii,
408 745 659 808 monstrandum
692 753 777 823 crab,
807 743 891 806 mala
917 756 990 809 utut
1011 751 1154 815 maxime

69 853 250 916 videantur
271 831 443 927 terribilia,
474 846 567 912 brevi
588 858 698 912 tamen
719 858 878 912 cessatura
908 871 994 932 esse3
1031 853 1093 940 piis
1122 868 1157 922 et

71 953 225 1020 fidelibus
244 954 352 1039 ampla
370 952 501 1018 virtutis
531 964 564 1018 et
585 947 660 1018 fid'ei
692 973 860 1037 nunquam
882 951 1038 1020 infractae
1059 980 1156 1045 prae·

76 1059 163 1134 mia,
190 1057 305 1120 ceteris
334 1068 439 1121 autem
471 1055 526 1140 qui
556 1066 611 1120 aut
640 1056 900 1123 Christianorum
925 1051 1019 1124 sucta⁴
1037 1063 1156 1128 timore

82 1162 248 1247 ignaviave
271 1160 423 1224 deserant
449 1172 503 1224 aut
522 1160 586 1246 ipsi
606 1160 808 1241 Clrrastianos
836 1163 1001 1232 immerito
1019 1179 1155 1284 vexerit,
1253 1212 1257 1233 0

73 1285 197 1352 poenas
220 1275 310 1330 certo
333 1266 462 1342 instare
473 1263 690 1362 gravissimas

166 1505 168 1512 v
191 1472 270 1558 Quo
292 1481 400 1536 autern
417 1473 536 1542 facilius
558 1459 692 1541 o'oaevos
721 1493 796 1542 suos
825 1469 1042 1548 calamitatum
1071 1477 1152 1543 ista-

77 1591 155 1638 rum
184 1597 288 1640 onere
314 1598 437 1663 pressos
465 1581 585 1668 partim
606 1580 802 1644 consolando
823 1579 960 1665 erigeret
982 1592 1015 1643 et
1037 1579 1152 1646 lirmaa

73 1690 143 1759 ret,
170 1681 291 1766 partim
316 1680 471 1769 minando
491 1685 684 1762 hortaretur
704 1695 747 1748 et
773 1685 958 1771 instigaret,
990 1689 1152 1751 succurrit

74 1789 216 1857 lohanni
246 1791 322 1870 idea*
339 1779 500 1876 ¹quaedam
527 1799 599 1854 tum
627 1788 785 1874 temporis
801 1787 884 1852 orbi
907 1785 1080 1850 christiano
1102 1787 1153 1852 fa·-

76 1896 305 1973 miliarissima,
343 1915 425 1978 quae
459 1893 607 1980 omnium
636 1892 769 1974 ¹animos
783 1891 917 1971 tenuit,
945 1887 1090 1957 firmavit
1119 1903 1153 1958 et

80 2000 241 2077 exercuit,
272 1999 375 2064 ideam
406 1995 477 2060 'dico
499 1994 539 2058 de
562 1993 727 2084 παρουσίᾳ
747 1982 890 2086 perduoi·
946 1994 1060 2081 Viguit
1089 1998 1155 2062 sci-t

30 2130 37 2142 r
79 2098 153 2164 licet
173 2103 279 2187 opinio
300 2101 549 2184 christianorum
571 2101 686 2169 animis
706 2099 776 2166 ,alte
793 2097 895 2163 infixa
902 2145 913 2186 7
949 2098 1157 2167 christianam
1201 2112 1204 2120 ’

74 2227 173 2286 rem,x
186 2208 286 2291 qualis
308 2195 423 2294 primis
444 2206 646 2284 inhiberet,
668 2213 817 2280 tenuem,
845 2217 991 2287 pressam
1013 2214 1051 2268 ‘et
1073 2227 1156 2270 eon·-

9 2313 11 2326 '
72 2321 212 2374 temtam
242 2335 312 2376 non
340 2311 397 2376 diu
424 2311 630 2386 mansuram
660 2305 933 2392 lectionarius,
965 2329 1028 2392 qua
1058 2309 1178 2397 digna·

72 2415 130 2497 sit,
162 2429 252 2480 sorte
283 2439 365 2483 mox
394 2437 464 2478 eam
490 2413 564 2482 sore
591 2409 815 2489 οι·ιιιιιι(1ιι·ιιι’...,ζ
832 2412 926 2476 Haec
953 2423 1063 2481 tamen
1084 2415 1155 2481 idea

72 2520 119 2584 sic
147 2543 304 2606 expressa
340 2539 415 2582 cum
444 2515 614 2593 hominum
643 2516 768 2580 animos
805 2517 913 2578 minus
944 2517 1095 2600 percellat
1123 2533 1155 2584 et

72 2635 225 2704 moveat,
249 2647 323 2688 cum
347 2623 406 2688 alia
430 2611 686 2707 coniungebalur·
705 2620 761 2710 'cut
781 2619 886 2703 major¹
916 2621 1020 2684 inerat
1041 2622 1093 2706 vis
1114 2623 1156 2688 ad

73 2727 248 2790 veritatem
274 2727 358 2814 illam
379 2727 557 2813 imaginum
579 2749 642 2813 ope
662 2723 847 2793 rudioribus
871 2745 999 2808 quoque
1021 2747 1156 2812 wraca-

81 2827 226 2894 tendam.
261 2831 440 2898 -Sumtaea
463 2843 575 2894 estex
598 2821 806 2919 opinionibus
835 2828 875 2891 de
901 2830 1020 2896 Massia
1046 2832 1156 2914 judai·-

37 2987 42 2994 .
74 2933 137 3011 cis,
167 2933 208 2996 ad
233 2933 452 3000 Christianam
473 2945 584 2996 tamen
602 2936 753 3016 ‚indolem
774 2937 936 3022 sapienter
958 2941 1156 3022 temperatis.

9 3029 11 3042 ’
71 3040 201 3103 Νοιιιιιι
225 3050 290 3118 est,
311 3037 447 3110 Judaeoa
466 3035 626 3120 imprimis
655 3049 732 3123 post
749 3037 899 3108 vaticinia
930 3039 989 3103 sub
1011 3039 1155 3110 Danielis

70 3143 209 3207 nomine
231 3142 387 3208 celebrata
408 3141 563 3207 Messium
580 3137 723 3204 melioris
745 3139 935 3210 conditionis
958 3143 1156 3211 instaurato.

69 3269 162 3330 rem,
195 3248 266 3335 pios
298 3261 328 3310 et
348 3235 430 3310 fidos
459 3246 608 3313 beantem
636 3244 755 3329 impios
777 3245 984 3330 punientem,
1014 3273 1053 3316 eo
1080 3253 1153 3340 ipso

9 3411 11 3416 ,
70 3362 224 3436 ternpore
246 3348 466 3414 adventurum
486 3373 555 3414 esse
578 3349 765 3427 credidisse,
797 3372 862 3434 quo
891 3353 937 3438 pii
963 3358 1162 3441 gravissime
1216 3341 1221 3354 „

71 3453 222 3519 hostibus
250 3456 411 3520 externis}
424 3456 574 3542 oppressi
605 3455 690 3527 sint;v
721 3476 859 3539 quaeum
891 3459 1045 3544 opinione
1072 3486 1154 3542 ronr-
1213 3511 1217 3518 .

74 3559 185 3640 iuncta
214 3569 282 3620 erat
315 3559 494 3624 arctissime
521 3560 561 3622 de
588 3559 708 3624 Messia
736 3559 975 3646 Hierosolymis
1007 3567 1150 3632 hostium
1206 3644 1210 3654 x

80 3661 114 3724 vi
133 3662 243 3730 deletis
266 3663 359 3746 regni
381 3663 521 3726 melioris
542 3659 599 3725 seu
623 3663 766 3727 coelestis
787 3668 1003 3732 instauratore
1023 3681 1056 3734 et
1076 3695 1151 3736 om-
1211 3674 1215 3682 ’
1285 3653 1291 3666 ¹

74 3765 183 3846 nium,
212 3758 428 3853 mortuorum
448 3767 544 3830 etiarn
573 3763 658 3831 facta
684 3769 747 3854 pio
777 3768 1152 3842 mentidrsmunerante

71 3873 252 3958 persuasio.
294 3869 516 3936 Pulcherrima
538 3881 586 3934 est
608 3872 686 3936 haec
707 3875 864 3960 temporis
878 3873 1020 3942 melioris
1040 3871 1153 3971 lutnri,

72 3977 168 4070 quod
183 3999 298 4042 omnes
319 3975 466 4060 cupimus
489 3990 521 4037 et
541 3999 671 4064 semper
692 3975 876 4074 cupiemus,
904 3979 1026 4066 imago,
1053 3963 1151 4048 modo

73 4102 114 4142 ne
133 4079 278 4166 singulos
298 4081 420 4144 colo1es
442 4083 547 4167 poetis
569 4083 750 4146 stratibus
774 4069 882 4148 deberi
912 4066 1150 4154 obliviscamur.

9 4137 16 4284 l
73 4183 165 4250 Illam
191 4204 271 4249 vero
298 4184 477 4253 Messias
469 4185 642 4272 imaginem
673 4209 749 4252 cum
782 4184 910 4253 lesus
901 4209 936 4275 ut
965 4201 1052 4255 terra
1082 4211 1150 4257 non

149 4301 163 4328 Ν
916 4299 982 4375 1*
