2796 4870
162 381 163 388 ,
258 359 308 430 50
368 344 430 415 De
455 355 622 438 tempore
645 363 717 434 quo
742 333 979 436 Apocalypsis
1002 340 1141 436 scripte
1163 301 1225 414 esi.
1295 322 1299 330 ¹

257 531 344 596 Cum
355 526 424 592 'his‘
437 505 537 614 igitur
560 522 754 607 conjunctus
772 513 866 590 Nero
888 520 1057 589 redivivus
1085 526 1113 590 si
1141 527 1176 590 in
1192 499 1338 590 'Italiam

252 633 434 722 septimum
461 631 703 716 Imperatorem
730 626 927 693 debellatum
956 630 1120 711 venisset,
1157 631 1235 716 quid
1258 643 1335 718 pot-

256 749 326 806 erat
356 734 539 822 exspectari
566 731 654 818 aliud
677 732 740 798 uisi
758 755 835 798 eum
852 737 900 798 ira
917 735 1043 813 Romae
1058 724 1205 821 ingratae
1225 737 1340 822 perci-

256 854 329 906 tum
355 840 461 926 ipsam
482 835 600 904 urbem
621 836 767 904 {undims
785 840 982 904 eversurum
1003 839 1097 904 esse?
1131 860 1247 904 nonne
1268 851 1342 906 erat

256 945 395 1014 istorum
423 955 614 1029 temporum
639 937 791 1029 ingenii,'
806 943 1005 1032 Capitolium
1029 951 1064 1008 et
1082 943 1200 1010 urbem
1219 945 1343 1012 incen-

255 1049 335 1116 dere
355 1047 453 1131 (Tae.
473 1045 549 1113 hist.
562 1060 592 1130 1,
612 1045 686 1131 2.)i
762 1089 764 1098 ι
833 1043 845 1048 ”

342 1247 436 1342 Quae
455 1274 533 1319 cum
555 1246 600 1320 ita
621 1251 702 1335 sint,
722 1249 805 1340 liber
819 1273 935 1319 versus
949 1251 1072 1331 Galbae
1086 1213 1215 1344 imperii
1233 1249 1339 1320 linem

198 1429 202 1442 ,
259 1348 315 1426 seu
335 1360 461 1447 potius,
489 1379 565 1423 cum
588 1369 702 1422 auctor
723 1357 830 1424 Roma
849 1358 965 1444 procul
986 1358 1128 1442 abesset,
1149 1363 1258 1448 paullo
1283 1385 1341 1425 se-

146 1493 148 1498 ·
257 1465 326 1530 rius
352 1475 428 1550 post
457 1462 579 1528 Galbae
604 1461 738 1527 caedem
767 1484 796 1528 a.
814 1468 867 1536 69.
893 1441 1037 1548 scriptus
1063 1459 1245 1530 censendus
1268 1478 1341 1553 est3

256 1578 437 1662 notataque
456 1579 546 1633 certe
560 1567 714 1656 dignum,
733 1565 822 1654 quod
844 1565 930 1630 circa
950 1565 1036 1630 idem
1055 1580 1184 1657 tempus
1199 1569 1340 1639 Othone

256 1684 415 1760 regnante
431 1671 592 1752 Achaiam
607 1682 640 1736 et
659 1665 810 1737 Asiam
826 1673 1200 1758 proconsularem,
1220 1674 1256 1736 in
1275 1695 1338 1758 qua

257 1790 371 1844 auctor
391 1775 492 1855 vixit,
512 1763 657 1842 Neronis
676 1769 880 1868 adventantis
899 1799 1015 1842 rumor
1034 1774 1196 1841 exterruit
1213 1761 1354 1856 (Tacit'

173 1871 203 1957 ’ᾖ
234 1893 240 1959 ζ
256 1884 333 1952 hist.
354 1893 385 1962 2,
405 1893 436 1956 8.
459 1862 505 1964 9¹).
546 1881 640 1949 Inter
664 1879 724 1978 lros
744 1877 901 1950 tumultus
921 1883 1043 1950 librum
1063 1856 1133 1946 eise
1155 1879 1287 1946 editum
1312 1883 1336 1948 si

256 1998 399 2066 constat,
419 1983 692 2076 ausmirahimum
715 1987 886 2054 Neronem
905 1988 1099 2064 Christianis
1119 1987 1203 2052 illius
1223 1989 1337 2074 regio-

257 2091 309 2156 nis
337 2089 600 2168 Antichristum,
634 2090 768 2174 qualem
795 2093 1016 2182 Apocalypsis
1045 2069 1216 2173 describit,
1250 2097 1337 2158 serio

257 2195 406 2262 habitum
424 2189 544 2261 fuisse?
571 2193 697 2260 Scilicet
717 2198 773 2282 qui
793 2200 885 2288 prius
907 2223 963 2274 eos
985 2197 1206 2292 crudelissime
1226 2219 1340 2262 rexa-

140 2375 143 2391 ,
257 2317 368 2382 verat,
400 2304 526 2388 qualem
546 2321 625 2366 eum
646 2297 796 2368 futurum
815 2311 949 2390 s‘perare
972 2313 1143 2391 poterant,
1163 2301 1192 2366 si
1211 2301 1343 2368 iterum

257 2399 417 2473 in'vitam
438 2403 607 2471 rediisset?
629 2425 741 2472 nonne
758 2430 839 2474 eum
855 2401 958 2476 multo
972 2409 1201 2475 immaniorem
1213 2408 1336 2474 iterum

257 2509 408 2576 futurum
429 2508 567 2574 belluam
587 2520 622 2574 et
641 2510 860 2601 redintegrato
883 2514 957 2580 odio
977 2514 1012 2580 in
1033 2513 1236 2578 Christianos
1263 2537 1337 2578 sae·
1390 2573 1391 2594 ,

257 2616 405 2685 vitutum
432 2616 550 2680 timere
570 2618 748 2702 poterant?
787 2618 966 2700 Accessere
984 2619 1069 2684 'aliae
1093 2617 1179 2684 forte
1201 2617 1336 2686 fortuna
1390 2595 1391 2668 l

258 2722 482 2790 similitudines
503 2723 674 2788 Neronem
692 2721 780 2787 inter
799 2737 832 2789 et
851 2727 1024 2806 Messiam,
1044 2719 1127 2812 quae
1146 2747 1222 2790 eum
1244 2725 1332 2812 quasi

169 2899 173 2906 .
246 2830 420 2913 aemulum
439 2838 485 2891 'et
505 2825 676 2896 inimicum
702 2827 841 2894 Messias
864 2825 1019 2892 facerent.
1071 2829 1122 2894 Ut
1142 2829 1335 2896 Christuse
1389 2837 1390 2911 l

255 2933 396 3003 mortuis
417 2934 626 2998 resuscitatus
648 2943 732 3019 erat,
755 2932 802 2996 sic
819 2932 911 2996 Nero
930 2953 949 2993 e
969 2942 1078 2996 morte
1101 2931 1136 2996 in
1155 2933 1258 2996 vitam
1280 2956 1336 2998 re-

141 3045 144 3051 '
195 3045 199 3050 ’
257 3039 389 3104 stitutus
420 3038 603 3102 multorum
636 3039 746 3117 oeulos
769 3024 860 3103 iirse
882 3036 1044 3100 convertit
1064 3039 1151 3117 (13,
1172 3043 1282 3119 3-8.)
1304 3051 1339 3104 et

258 3165 334 3210 cum
352 3143 428 3230 ‘ipso
449 3142 569 3207 Messia
591 3155 772 3210 certaturus
794 3139 985 3217 videbatur3
1016 3151 1049 3204 ut
1071 3139 1207 3224 Messias
1229 3164 1248 3205 e
1270 3145 1337 3209 Pa-

256 3247 390 3315 laestina
419 3233 562 3326 ofilius
587 3248 633 3314 sic
663 3233 756 3314 Neio
787 3243 968 3312 secundum
997 3238 1148 3318 rumores
1184 3246 1254 3310 illos
1292 3269 1337 3312 ex
1387 3249 1388 3312 3

258 3353 397 3420 Oriente
418 3350 609 3442 proditurus
629 3350 806 3417 dicebatur·
818 3341 876 3432 (cl.
889 3361 939 3432 11,
959 3353 1024 3434 7.);
1041 3363 1083 3426 ,ut
1099 3351 1238 3418 Messiae
1255 3363 1337 3417 sunt
1387 3327 1388 3399 l

255 3457 435 3546 prophetae
456 3463 523 3538 (11,
538 3467 593 3528 ,3-
606 3459 671 3539 13.)
682 3507 693 3538 ,
713 3458 758 3522 its
778 3471 810 3521 et
829 3451 922 3542 Neri>
942 3455 1236 3544 pseudoprophetis
1259 3479 1338 3520 sus-

256 3575 409 3656 tentatur,
422 3572 483 3641 13,
504 3572 632 3634 11·17.
663 3585 770 3650 neque
798 3574 894 3627 extra
909 3560 1020 3627 ¹iidem
1043 3571 1109 3640 est,
1140 3581 1257 3624 revera
1276 3560 1337 3624 illo

255 3683 405 3756 tempore
423 3666 566 3733 Neronis
587 3668 766 3734 adventum
788 3669 917 3734 multos⁴
928 3668 963 3734 in
979 3669 1058 3734 Asia
1071 3667 1218 3750 impurae
1233 3685 1337 3730 meu-

255 3774 298 3840 tis
327 3771 476 3838 homines
508 3761 654 3858 speiasse
675 3785 709 3838 et
732 3771 799 3860 aliis
819 3795 882 3860 pro
906 3773 1030 3840 viribus
1048 3770 1246 3862 persuadere
1268 3793 1335 3837 vo·-
1385 3821 1386 3890 l

255 3867 361 3946 luisse.
422 3875 472 3942 At
511 3875 591 3942 duin
629 3893 741 3942 auctor
776 3871 889 3943 noster
923 3877 1125 3943 Christianos
1164 3886 1200 3939 ut
1232 3873 1335 3941 fidem

256 4005 389 4048 servare
418 3981 521 4055 velint
548 3983 584 4048 iu
612 3976 710 4050 tamis
733 4005 814 4070 quae
834 3983 955 4048 instent
974 3982 1125 4070 periculis
1148 3995 1179 4044 et
1199 3981 1337 4046 calami·
1383 3947 1385 4004 l

257 4088 392 4169 tatibus,
416 4103 546 4168 strenue
567 4087 735 4171 hortatur,
755 4088 909 4176 opinione
930 4087 1059 4154 illorum
1076 4099 1266 4174 temporum
1286 4087 1335 4152 sic
1384 4093 1385 4133 l

172 4251 176 4258 .
253 4194 367 4276 utitur,
385 4205 423 4262 ut
431 4197 603 4261 Neronem
611 4191 695 4259 dieat
709 4193 928 4272 crudelissime
942 4193 978 4260 in
989 4211 1115 4276 omues,
1136 4190 1333 4262 christianos
1383 4279 1384 4292 χ
