2622 4862
102 376 167 446 De
191 373 274 444 libri
293 371 456 468 partibus
482 337 681 466 earumque
707 393 805 442 nexu
829 339 1032 462 artificioso.
1087 329 1136 466 ἐι

43 551 127 648 pias
151 581 178 624 c.
189 564 243 639 18)
274 557 350 622 satis
383 555 529 624 celeriter
557 556 596 620 ad
625 555 752 621 exitum
766 555 993 644 'properantes
1022 561 1138 630 devol·
1245 606 1253 612 -

46 681 197 746 vuntur,
230 675 307 726 tum
335 663 487 730 transitus
515 662 612 728 etiam
634 657 742 728 faciles
765 672 801 726 et
820 660 888 746 apti
908 674 986 727 suut
1005 676 1041 728 ut
1059 670 1138 753 plu.

48 773 176 834 rimum
206 770 304 856 (quae
321 767 466 856 insignis
492 777 542 830 est
566 767 633 830 laus
655 765 751 848 hujus
772 764 900 851 operis,
935 767 1009 850 quia
1030 767 1066 833 in
1087 775 1135 838 si-

40 872 185 938 milibus
218 867 385 956 operibus,
428 884 466 940 nt
493 869 649 941 Henochi
676 867 780 939 libro,
815 877 970 934 externae
1006 871 1133 941 formae

37 997 175 1064 parrum
195 975 272 1040 ratio
291 973 428 1040 habetur
440 975 567 1059 justa„
589 993 718 1060 quoque
737 969 853 1036 lortius
872 971 1001 1040 lectoris
1021 989 1129 1048 atten-
1240 971 1246 983 ⁶

41 1083 95 1144 tio
119 1081 314 1163 detineatur,
345 1081 472 1168 priores
497 1079 617 1165 ubique
643 1079 784 1144 visiones
805 1075 975 1146 breviores
994 1098 1071 1148 sunt
1097 1099 1129 1150 et

51 1197 219 1272 sequentes
248 1186 284 1250 in
312 1185 440 1272 longius
467 1181 740 1272 protrahuntur.·
768 1184 818 1248 Ita
840 1197 976 1269 quatuor
995 1189 1123 1275 priores

42 1293 78 1353 in
102 1311 247 1354 numero
277 1289 461 1376 septenario
491 1295 521 1368 6,
542 1297 626 1362 1-8.
646 1298 677 1370 8,
694 1297 801 1360 8-13.
825 1295 875 1368 16,
893 1301 967 1367 1-9
997 1291 1127 1362 brevis-

36 1394 137 1458 simae
160 1405 263 1468 sunt3
292 1405 325 1458 et
344 1394 437 1460 tertia
458 1391 532 1460 libri
555 1413 632 1480 pars
653 1391 777 1480 ambitu
798 1401 829 1456 et
848 1412 961 1460 rerum
984 1419 1124 1469 narran-
1166 1466 1171 1472 ,

30 1500 152 1566 darum
178 1499 278 1586 copia
296 1497 374 1564 duas
394 1499 521 1586 priores
539 1498 635 1584 longe
657 1497 794 1564 excedit.
835 1495 983 1566 Omnino
1004 1522 1122 1590 magns

28 1615 100 1668 arte
139 1603 349 1690 depingitur,
392 1599 556 1687 quomodo
578 1595 759 1688 'paullatim
795 1623 920 1690 poenae
940 1609 1119 1692 ,graviores

26 1709 217 1794 ingruant„
238 1721 400 1788 crescente
420 1705 599 1794 impiorum
619 1707 874 1778 contumaciaet
894 1705 944 1776 dei
966 1712 1012 1776 ira
1034 1714 1120 1796 justa

30 1823 100 1886 0·9·
122 1824 178 1893 15,
196 1821 231 1884 3·
250 1817 283 1886 4·
304 1819 461 1892 rus-7.
483 1824 533 1900 19,
551 1825 591 1888 25
624 1812 786 1898 quomodo
817 1811 933 1878 deinde
962 1817 1055 1902 impii
1076 1821 1117 1884 ad
1162 1854 1164 1864 =
1193 1811 1195 1820 ¹

36 1918 182 1982 ultimum
215 1939 321 2003 usque
348 1923 580 2000 removeantur
601 1929 787 2005 crescatque
806 1916 958 1986 fortunae
979 1923 1113 2011 piorum
1217 1943 1219 1946 ·

41 2019 163 2086 futurae
179 2022 303 2112 gradus
324 2039 358 2089 et
379 2022 550 2090 certitudo.
866 2012 871 2018 l

114 2217 145 2285 4
177 2214 245 2279 His
274 2216 459 2302 praemissis
473 2209 553 2301 'jam
582 2211 873 2306 demonstrandum
900 2231 999 2301 esset,
1029 2237 1115 2306 quu-

30 2312 129 2378 modo
160 2317 199 2382 iu
231 2314 365 2408 singulis
383 2317 478 2387 ¹actio
508 2320 664 2408 procedat
693 2332 728 2413 et
757 2339 855 2404 quam
890 2323 979 2406 apte'
994 2321 1030 2387 in
1061 2337 1112 2391 tot

28 2441 110 2504 quos
130 2420 193 2487 sibi
222 2422 293 2509 ipse
312 2426 426 2510 posuit⁵
441 2437 548 2506 vates,
579 2423 718 2490 fictionis
738 2422 894 2504 limitibus
915 2427 1025 2492 omnia
1048 2429 1110 2496 sibi

27 2524 261 2610 respondeant.
310 2528 375 2594 Sed
405 2529 483 2592 haec
509 2525 596 2592 infra
625 2531 659 2594 in
682 2529 815 2619 singulis
835 2528 1014 2595 visionibus
1036 2554 1127 2596 me·-

26 2629 87 2692 lius
112 2643 345 2696 monstrantur
367 2633 463 2697 simul
489 2643 522 2696 et
544 2631 746 2718 probantur;
781 2630 835 2694 hic
855 2629 958 2698 brev'e
980 2647 1108 2704 tantum

28 2737 211 2820 argumenti
236 2731 399 2804 distributi
420 2737 550 2812 schema
569 2739 778 2822 praemittere
797 2734 906 2819 juvat:

111 2903 322 2972 Introitus
357 2913 433 2980 c.4.
456 2915 488 2980 5.
541 2905 796 2971 Demonstratur
828 2905 993 2973 coelum
1014 2912 1107 2976 'cum

27 3004 182 3076 coelicolis
209 3020 244 3074 et
263 3009 372 3076 libro
393 3033 446 3074 res
467 3009 592 3076 futuras
615 3011 803 3090 continente
825 3031 852 3074 c.
862 3013 893 3083 4.
907 3019 939 3085 5.

105 3178 133 3243 Ι.
152 3179 412 3269 Parsprima
432 3205 460 3252 c.
474 3191 505 3256 6.
518 3191 551 3254 7.
570 3170 759 3248 vindicta
780 3191 917 3270 prope
935 3181 1103 3250 instans

28 3283 238 3350 innuitur:
273 3299 304 3358 1.
332 3284 515 3372 quatuor
535 3289 645 3376 priora
665 3289 765 3375 sigilla
790 3285 985 3358 balamitates
1006 3303 1119 3352 secu-'¹

30 3399 109 3453 tures
144 3392 288 3471 innuunt
322 3399 455 3472 6,1-8.
504 3405 536 3466 2.
574 3391 786 3480 Quintum
821 3401 987 3479 martyres
1022 3392 1103 3460 Vin·
1211 3439 1214 3448 ,

27 3493 140 3557 dictam
158 3505 350 3580 expetentes
369 3493 516 3576 exhibet,
537 3486 597 3583 qui
608 3509 719 3562 tamen
737 3509 775 3561 ut
796 3517 856 3583 per
877 3494 978 3561 breve
998 3517 1103 3582 porro

32 3605 150 3682 tempus
177 3611 374 3684 ,exspectent
410 3613 588 3667 monentur
615 3610 645 3681 6,
668 3611 992 3692 9-*11rsextum
1021 3599 1103 3666 hor-

32 3701 127 3766 rendis
149 3705 288 3787 ostentis
309 3689 494 3772 futurarum
523 3708 739 3788 calamitatum
759 3690 966 3805 praenunciis
994 3715 1103 3770 terro-

28 3825 94 3868 rem
113 3807 236 3872 incutit
261 3808 447 3876 hominibus
477 3813 583 3899 impiis
612 3813 643 3893 6,
664 3821 790 3884 12-17.
845 3819 877 3880 3.
904 3807 1101 3872 Inseruntur
1171 3847 1177 3853 -
1246 3845 1252 3853 ·

25 3907 99 3976 (luae
118 3914 283 3996 visiones,
314 3927 389 4002 apte
412 3929 559 4004 tempus,
584 3917 679 4020 xquod
705 3917 792 3982 inter
813 3923 946 3978 sextum
967 3922 1000 3982 et
1022 3911 1102 3976 ulti-

25 4033 109 4080 tnum
136 4018 282 4105 sigillum
308 4021 389 4087 elabi
416 4022 464 4086 fas
495 4035 559 4105 est,
597 4023 780 4110 explentes,
812 4017 971 4100 simulque
992 4015 1100 4078 notio-

32 4141 74 4185 ues
93 4126 130 4189 iu
151 4109 365 4208 sequentibus
386 4129 581 4193 necessarias
601 4123 798 4191 inserentes:
821 4129 854 4200 1)
875 4121 921 4206 pii
941 4143 960 4183 a
980 4117 1100 4185 futuris

33 4221 161 4296 interra
185 4229 415 4296 calamitatibus
437 4231 599 4299 vindictae
626 4230 754 4296 divinae
781 4227 887 4314 signis·
909 4228 1099 4296 eximuntur
