<?xml version="1.0" encoding="UTF-8"?>
<!DOCTYPE html PUBLIC "-//W3C//DTD XHTML 1.0 Transitional//EN"
    "http://www.w3.org/TR/xhtml1/DTD/xhtml1-transitional.dtd">
<html xmlns="http://www.w3.org/1999/xhtml" xml:lang="en" lang="en">
 <head>
  <title>
</title>
<meta http-equiv="Content-Type" content="text/html;charset=utf-8" />
  <meta name='ocr-system' content='tesseract 3.04.00' />
  <meta name='ocr-capabilities' content='ocr_page ocr_carea ocr_par ocr_line ocrx_word'/>
</head>
<body>
  <div class='ocr_page' id='page_1' title='image "./commentariusina00ewalgoog_0065.png"; bbox 0 0 2796 4870; ppageno 0'>
   <div class='ocr_carea' id='block_1_1' title="bbox 137 315 1182 428">
    <p class='ocr_par' dir='ltr' id='par_1_1' title="bbox 137 315 1182 428">
     <span class='ocr_line' id='line_1_1' title="bbox 137 315 1182 428; baseline 0.006 -38"><span class='ocrx_word' id='word_1_1' title='bbox 137 407 140 428; x_wconf 42' lang='grc' dir='ltr'>Ι</span> <span class='ocrx_word' id='word_1_2' title='bbox 251 322 307 400; x_wconf 66' lang='lat' dir='ltr'><strong>(io¹⁴</strong></span> <span class='ocrx_word' id='word_1_3' title='bbox 402 315 462 388; x_wconf 89' lang='lat' dir='ltr'><strong>De</strong></span> <span class='ocrx_word' id='word_1_4' title='bbox 483 315 746 419; x_wconf 79' lang='lat' dir='ltr'><strong>auctore&#39;libri</strong></span> <span class='ocrx_word' id='word_1_5' title='bbox 768 323 974 392; x_wconf 83' lang='lat' dir='ltr'><strong>testimonie</strong></span> <span class='ocrx_word' id='word_1_6' title='bbox 999 333 1182 396; x_wconf 70' lang='lat' dir='ltr'><strong>veterum!</strong></span> 
     </span>
    </p>
   </div>
   <div class='ocr_carea' id='block_1_2' title="bbox 250 500 1332 710">
    <p class='ocr_par' dir='ltr' id='par_1_2' title="bbox 250 500 1332 710">
     <span class='ocr_line' id='line_1_2' title="bbox 301 500 1332 597; baseline 0.01 -29"><span class='ocrx_word' id='word_1_7' title='bbox 301 525 305 537; x_wconf 61' lang='lat'>³</span> <span class='ocrx_word' id='word_1_8' title='bbox 334 503 380 568; x_wconf 88' lang='grc' dir='ltr'><strong>ΙΙ.</strong></span> <span class='ocrx_word' id='word_1_9' title='bbox 402 502 496 590; x_wconf 82' lang='lat' dir='ltr'><strong>Quae</strong></span> <span class='ocrx_word' id='word_1_10' title='bbox 515 525 560 568; x_wconf 84' lang='lat' dir='ltr'><strong>ex</strong></span> <span class='ocrx_word' id='word_1_11' title='bbox 580 500 770 587; x_wconf 68' lang='lat' dir='ltr'><strong>antiquitate</strong></span> <span class='ocrx_word' id='word_1_12' title='bbox 793 519 904 568; x_wconf 88' lang='lat' dir='ltr'><strong>contra</strong></span> <span class='ocrx_word' id='word_1_13' title='bbox 923 505 1108 572; x_wconf 79' lang='lat' dir='ltr'><strong>iohannem</strong></span> <span class='ocrx_word' id='word_1_14' title='bbox 1128 508 1332 597; x_wconf 79' lang='lat' dir='ltr'><strong>Apostolum</strong></span> 
     </span>
     <span class='ocr_line' id='line_1_3' title="bbox 250 604 1266 710; baseline -0.012 -36"><span class='ocrx_word' id='word_1_15' title='bbox 250 604 520 710; x_wconf 70' lang='lat' dir='ltr'><strong>afferri&#39;possunt</strong></span> <span class='ocrx_word' id='word_1_16' title='bbox 539 607 738 691; x_wconf 88' lang='lat' dir='ltr'><strong>testimonia,</strong></span> <span class='ocrx_word' id='word_1_17' title='bbox 771 607 892 678; x_wconf 84' lang='lat' dir='ltr'><strong>diversi</strong></span> <span class='ocrx_word' id='word_1_18' title='bbox 911 621 989 676; x_wconf 85' lang='lat' dir='ltr'><strong>sunt</strong></span> <span class='ocrx_word' id='word_1_19' title='bbox 1009 611 1153 700; x_wconf 61' lang='lat' dir='ltr'><strong>geum-ise</strong></span> <span class='ocrx_word' id='word_1_20' title='bbox 1254 651 1266 697; x_wconf 35' lang='grc' dir='ltr'><strong>Ι.</strong></span> 
     </span>
    </p>
   </div>
   <div class='ocr_carea' id='block_1_3' title="bbox 97 759 1388 3072">
    <p class='ocr_par' dir='ltr' id='par_1_3' title="bbox 246 759 1333 1502">
     <span class='ocr_line' id='line_1_4' title="bbox 337 759 1333 870; baseline 0.008 -33"><span class='ocrx_word' id='word_1_21' title='bbox 337 787 368 858; x_wconf 73' lang='lat'><strong>1,</strong></span> <span class='ocrx_word' id='word_1_22' title='bbox 393 773 493 865; x_wconf 82' lang='lat' dir='ltr'><strong>Haud</strong></span> <span class='ocrx_word' id='word_1_23' title='bbox 523 759 798 841; x_wconf 85' lang='lat' dir='ltr'><strong>contemnendum</strong></span> <span class='ocrx_word' id='word_1_24' title='bbox 826 775 1051 870; x_wconf 84' lang='lat' dir='ltr'><strong>testimonium</strong></span> <span class='ocrx_word' id='word_1_25' title='bbox 1082 779 1193 845; x_wconf 85' lang='lat' dir='ltr'><strong>versio</strong></span> <span class='ocrx_word' id='word_1_26' title='bbox 1221 780 1333 869; x_wconf 79' lang='lat' dir='ltr'><strong>Syro-</strong></span> 
     </span>
     <span class='ocr_line' id='line_1_5' title="bbox 248 865 1333 972; baseline 0.006 -25"><span class='ocrx_word' id='word_1_27' title='bbox 248 865 327 949; x_wconf 75' lang='lat' dir='ltr'><strong>rum</strong></span> <span class='ocrx_word' id='word_1_28' title='bbox 355 869 576 968; x_wconf 84' lang='lat' dir='ltr'><strong>antiquissima</strong></span> <span class='ocrx_word' id='word_1_29' title='bbox 608 886 665 960; x_wconf 84' lang='lat' dir='ltr'><strong>(ex</strong></span> <span class='ocrx_word' id='word_1_30' title='bbox 687 879 781 946; x_wconf 87' lang='lat' dir='ltr'><strong>initio</strong></span> <span class='ocrx_word' id='word_1_31' title='bbox 807 882 919 946; x_wconf 89' lang='lat' dir='ltr'><strong>saltem</strong></span> <span class='ocrx_word' id='word_1_32' title='bbox 948 883 1047 948; x_wconf 88' lang='lat' dir='ltr'><strong>seculi</strong></span> <span class='ocrx_word' id='word_1_33' title='bbox 1077 885 1223 972; x_wconf 88' lang='lat' dir='ltr'><strong>secundi)</strong></span> <span class='ocrx_word' id='word_1_34' title='bbox 1252 889 1333 953; x_wconf 89' lang='lat' dir='ltr'><strong>Pe-</strong></span> 
     </span>
     <span class='ocr_line' id='line_1_6' title="bbox 250 983 1331 1080; baseline 0.006 -28"><span class='ocrx_word' id='word_1_35' title='bbox 250 989 387 1080; x_wconf 84' lang='lat' dir='ltr'><strong>schitp</strong></span> <span class='ocrx_word' id='word_1_36' title='bbox 409 985 561 1074; x_wconf 88' lang='lat' dir='ltr'><strong>praebet,</strong></span> <span class='ocrx_word' id='word_1_37' title='bbox 584 983 814 1078; x_wconf 82' lang='lat' dir='ltr'><strong>Apocalypsin</strong></span> <span class='ocrx_word' id='word_1_38' title='bbox 834 985 1006 1072; x_wconf 58' lang='lat' dir='ltr'><strong>ignorans,</strong></span> <span class='ocrx_word' id='word_1_39' title='bbox 1042 984 1151 1074; x_wconf 75' lang='lat' dir='ltr'><strong>cujus·</strong></span> <span class='ocrx_word' id='word_1_40' title='bbox 1166 993 1331 1059; x_wconf 85' lang='lat' dir='ltr'><strong>versionis</strong></span> 
     </span>
     <span class='ocr_line' id='line_1_7' title="bbox 247 1087 1331 1175; baseline 0.009 -19"><span class='ocrx_word' id='word_1_41' title='bbox 247 1115 325 1156; x_wconf 91' lang='lat' dir='ltr'><strong>cum</strong></span> <span class='ocrx_word' id='word_1_42' title='bbox 345 1091 491 1158; x_wconf 79' lang='lat' dir='ltr'><strong>maxima</strong></span> <span class='ocrx_word' id='word_1_43' title='bbox 511 1087 605 1154; x_wconf 86' lang='lat' dir='ltr'><strong>sitin</strong></span> <span class='ocrx_word' id='word_1_44' title='bbox 625 1088 723 1154; x_wconf 88' lang='lat' dir='ltr'><strong>rebus</strong></span> <span class='ocrx_word' id='word_1_45' title='bbox 749 1089 867 1156; x_wconf 89' lang='lat' dir='ltr'><strong>criticis</strong></span> <span class='ocrx_word' id='word_1_46' title='bbox 890 1093 1077 1175; x_wconf 88' lang='lat' dir='ltr'><strong>auctoritas,</strong></span> <span class='ocrx_word' id='word_1_47' title='bbox 1107 1119 1228 1163; x_wconf 88' lang='lat' dir='ltr'><strong>causa</strong></span> <span class='ocrx_word' id='word_1_48' title='bbox 1250 1121 1331 1166; x_wconf 89' lang='lat' dir='ltr'><strong>om-</strong></span> 
     </span>
     <span class='ocr_line' id='line_1_8' title="bbox 247 1194 1331 1296; baseline 0.006 -33"><span class='ocrx_word' id='word_1_49' title='bbox 247 1199 328 1264; x_wconf 88' lang='lat' dir='ltr'><strong>nino</strong></span> <span class='ocrx_word' id='word_1_50' title='bbox 349 1194 532 1284; x_wconf 80' lang='lat' dir='ltr'><strong>quaerenda</strong></span> <span class='ocrx_word' id='word_1_51' title='bbox 550 1205 600 1258; x_wconf 90' lang='lat' dir='ltr'><strong>est</strong></span> <span class='ocrx_word' id='word_1_52' title='bbox 618 1205 668 1259; x_wconf 88' lang='lat' dir='ltr'><strong>sat</strong></span> <span class='ocrx_word' id='word_1_53' title='bbox 688 1195 823 1296; x_wconf 80' lang='lat' dir='ltr'><strong>idonea,</strong></span> <span class='ocrx_word' id='word_1_54' title='bbox 848 1219 907 1260; x_wconf 90' lang='lat' dir='ltr'><strong>cur</strong></span> <span class='ocrx_word' id='word_1_55' title='bbox 927 1197 1010 1264; x_wconf 89' lang='lat' dir='ltr'><strong>liber</strong></span> <span class='ocrx_word' id='word_1_56' title='bbox 1031 1201 1169 1266; x_wconf 89' lang='lat' dir='ltr'><strong>omissus</strong></span> <span class='ocrx_word' id='word_1_57' title='bbox 1189 1204 1240 1270; x_wconf 88' lang='lat' dir='ltr'><strong>sit.</strong></span> <span class='ocrx_word' id='word_1_58' title='bbox 1266 1198 1331 1270; x_wconf 69' lang='lat' dir='ltr'><strong>&#39;Et</strong></span> 
     </span>
     <span class='ocr_line' id='line_1_9' title="bbox 246 1299 1331 1393; baseline 0.008 -27"><span class='ocrx_word' id='word_1_59' title='bbox 246 1303 352 1392; x_wconf 82' lang='lat' dir='ltr'><strong>possit</strong></span> <span class='ocrx_word' id='word_1_60' title='bbox 379 1301 511 1388; x_wconf 89' lang='lat' dir='ltr'><strong>quidem</strong></span> <span class='ocrx_word' id='word_1_61' title='bbox 539 1299 673 1388; x_wconf 87' lang='lat' dir='ltr'><strong>cogitari</strong></span> <span class='ocrx_word' id='word_1_62' title='bbox 708 1301 811 1387; x_wconf 86' lang='lat' dir='ltr'><strong>Syros</strong></span> <span class='ocrx_word' id='word_1_63' title='bbox 844 1303 992 1366; x_wconf 89' lang='lat' dir='ltr'><strong>consulto</strong></span> <span class='ocrx_word' id='word_1_64' title='bbox 1021 1305 1141 1370; x_wconf 89' lang='lat' dir='ltr'><strong>librum</strong></span> <span class='ocrx_word' id='word_1_65' title='bbox 1170 1311 1331 1393; x_wconf 89' lang='lat' dir='ltr'><strong>omisisse,</strong></span> 
     </span>
     <span class='ocr_line' id='line_1_10' title="bbox 246 1402 1330 1502; baseline 0.007 -30"><span class='ocrx_word' id='word_1_66' title='bbox 246 1411 368 1496; x_wconf 88' lang='lat' dir='ltr'><strong>quippe</strong></span> <span class='ocrx_word' id='word_1_67' title='bbox 388 1407 444 1494; x_wconf 89' lang='lat' dir='ltr'><strong>qui</strong></span> <span class='ocrx_word' id='word_1_68' title='bbox 462 1403 548 1494; x_wconf 82' lang='lat' dir='ltr'><strong>plebi</strong></span> <span class='ocrx_word' id='word_1_69' title='bbox 571 1425 641 1468; x_wconf 91' lang='lat' dir='ltr'><strong>non</strong></span> <span class='ocrx_word' id='word_1_70' title='bbox 660 1402 744 1468; x_wconf 89' lang='lat' dir='ltr'><strong>bene</strong></span> <span class='ocrx_word' id='word_1_71' title='bbox 764 1403 990 1492; x_wconf 82' lang='lat' dir='ltr'><strong>intelligendus</strong></span> <span class='ocrx_word' id='word_1_72' title='bbox 1011 1411 1044 1474; x_wconf 93' lang='lat' dir='ltr'><strong>in</strong></span> <span class='ocrx_word' id='word_1_73' title='bbox 1066 1415 1205 1480; x_wconf 89' lang='lat' dir='ltr'><strong>ecclesiis</strong></span> <span class='ocrx_word' id='word_1_74' title='bbox 1226 1437 1330 1502; x_wconf 85' lang='lat' dir='ltr'><strong>prae-</strong></span> 
     </span>
    </p>

    <p class='ocr_par' dir='ltr' id='par_1_4' title="bbox 173 1507 1388 2128">
     <span class='ocr_line' id='line_1_11' title="bbox 173 1507 1329 1606; baseline 0.01 -28"><span class='ocrx_word' id='word_1_75' title='bbox 173 1549 176 1556; x_wconf 93' lang='lat'>·</span> <span class='ocrx_word' id='word_1_76' title='bbox 243 1516 307 1602; x_wconf 85' lang='lat' dir='ltr'><strong>legi</strong></span> <span class='ocrx_word' id='word_1_77' title='bbox 328 1537 397 1595; x_wconf 86' lang='lat' dir='ltr'><strong>non</strong></span> <span class='ocrx_word' id='word_1_78' title='bbox 417 1511 555 1578; x_wconf 81' lang='lat' dir='ltr'><strong>solebat:</strong></span> <span class='ocrx_word' id='word_1_79' title='bbox 570 1557 573 1570; x_wconf 37' lang='lat'><strong>⁴</strong></span> <span class='ocrx_word' id='word_1_80' title='bbox 586 1519 619 1573; x_wconf 86' lang='lat' dir='ltr'><strong>at</strong></span> <span class='ocrx_word' id='word_1_81' title='bbox 639 1507 719 1573; x_wconf 90' lang='lat' dir='ltr'><strong>liber</strong></span> <span class='ocrx_word' id='word_1_82' title='bbox 740 1508 794 1573; x_wconf 90' lang='lat' dir='ltr'><strong>hic</strong></span> <span class='ocrx_word' id='word_1_83' title='bbox 813 1521 851 1574; x_wconf 92' lang='lat' dir='ltr'><strong>ut</strong></span> <span class='ocrx_word' id='word_1_84' title='bbox 871 1533 984 1578; x_wconf 88' lang='lat' dir='ltr'><strong>omnes</strong></span> <span class='ocrx_word' id='word_1_85' title='bbox 1006 1515 1128 1583; x_wconf 48' lang='lat' dir='ltr'><strong>similis&gt;</strong></span> <span class='ocrx_word' id='word_1_86' title='bbox 1140 1525 1329 1606; x_wconf 89' lang='lat' dir='ltr'><strong>argumenti</strong></span> 
     </span>
     <span class='ocr_line' id='line_1_12' title="bbox 243 1608 1328 1714; baseline 0.006 -28"><span class='ocrx_word' id='word_1_87' title='bbox 243 1642 312 1686; x_wconf 90' lang='lat' dir='ltr'><strong>non</strong></span> <span class='ocrx_word' id='word_1_88' title='bbox 340 1617 450 1704; x_wconf 90' lang='lat' dir='ltr'><strong>primo</strong></span> <span class='ocrx_word' id='word_1_89' title='bbox 474 1615 541 1700; x_wconf 81' lang='lat' dir='ltr'><strong>jam</strong></span> <span class='ocrx_word' id='word_1_90' title='bbox 561 1624 594 1678; x_wconf 90' lang='lat' dir='ltr'><strong>et</strong></span> <span class='ocrx_word' id='word_1_91' title='bbox 615 1608 749 1678; x_wconf 85' lang='lat' dir='ltr'><strong>secundi</strong></span> <span class='ocrx_word' id='word_1_92' title='bbox 769 1615 868 1680; x_wconf 86' lang='lat' dir='ltr'><strong>seculi</strong></span> <span class='ocrx_word' id='word_1_93' title='bbox 886 1615 995 1701; x_wconf 87' lang='lat' dir='ltr'><strong>initio,</strong></span> <span class='ocrx_word' id='word_1_94' title='bbox 1009 1623 1141 1707; x_wconf 63' lang='lat' dir='ltr'><strong>equibus</strong></span> <span class='ocrx_word' id='word_1_95' title='bbox 1155 1625 1328 1714; x_wconf 78' lang='lat' dir='ltr'><strong>imagines</strong></span> 
     </span>
     <span class='ocr_line' id='line_1_13' title="bbox 242 1719 1327 1810; baseline 0.009 -22"><span class='ocrx_word' id='word_1_96' title='bbox 242 1723 319 1788; x_wconf 88' lang='lat' dir='ltr'><strong>libri</strong></span> <span class='ocrx_word' id='word_1_97' title='bbox 340 1721 423 1806; x_wconf 83' lang='lat' dir='ltr'><strong>satis</strong></span> <span class='ocrx_word' id='word_1_98' title='bbox 453 1719 548 1786; x_wconf 87' lang='lat' dir='ltr'><strong>tritae</strong></span> <span class='ocrx_word' id='word_1_99' title='bbox 573 1729 606 1782; x_wconf 89' lang='lat' dir='ltr'><strong>et</strong></span> <span class='ocrx_word' id='word_1_100' title='bbox 632 1719 669 1810; x_wconf 78' lang='lat' dir='ltr'><strong>in</strong></span> <span class='ocrx_word' id='word_1_101' title='bbox 690 1719 852 1784; x_wconf 82' lang='lat' dir='ltr'><strong>sexcentis</strong></span> <span class='ocrx_word' id='word_1_102' title='bbox 873 1721 962 1787; x_wconf 89' lang='lat' dir='ltr'><strong>libris</strong></span> <span class='ocrx_word' id='word_1_103' title='bbox 989 1723 1103 1788; x_wconf 89' lang='lat' dir='ltr'><strong>obviae</strong></span> <span class='ocrx_word' id='word_1_104' title='bbox 1124 1741 1232 1809; x_wconf 90' lang='lat' dir='ltr'><strong>erant,</strong></span> <span class='ocrx_word' id='word_1_105' title='bbox 1267 1733 1327 1798; x_wconf 90' lang='lat' dir='ltr'><strong>sed</strong></span> 
     </span>
     <span class='ocr_line' id='line_1_14' title="bbox 242 1821 1388 1916; baseline 0.009 -25"><span class='ocrx_word' id='word_1_106' title='bbox 242 1828 339 1892; x_wconf 90' lang='lat' dir='ltr'><strong>tertio</strong></span> <span class='ocrx_word' id='word_1_107' title='bbox 370 1827 504 1890; x_wconf 91' lang='lat' dir='ltr'><strong>demum</strong></span> <span class='ocrx_word' id='word_1_108' title='bbox 533 1835 567 1889; x_wconf 89' lang='lat' dir='ltr'><strong>et</strong></span> <span class='ocrx_word' id='word_1_109' title='bbox 595 1821 805 1910; x_wconf 74' lang='lat' dir='ltr'><strong>&#39;sequentibus</strong></span> <span class='ocrx_word' id='word_1_110' title='bbox 833 1829 948 1892; x_wconf 88' lang='lat' dir='ltr'><strong>seculis</strong></span> <span class='ocrx_word' id='word_1_111' title='bbox 977 1827 1133 1916; x_wconf 87' lang='lat' dir='ltr'><strong>obscurus</strong></span> <span class='ocrx_word' id='word_1_112' title='bbox 1157 1829 1271 1898; x_wconf 86' lang='lat' dir='ltr'><strong>haberi</strong></span> <span class='ocrx_word' id='word_1_113' title='bbox 1293 1849 1326 1901; x_wconf 91' lang='lat' dir='ltr'><strong>et</strong></span> <span class='ocrx_word' id='word_1_114' title='bbox 1387 1827 1388 1842; x_wconf 45' lang='lat'>¹</span> 
     </span>
     <span class='ocr_line' id='line_1_15' title="bbox 241 1929 1388 2048; baseline 0.005 -50"><span class='ocrx_word' id='word_1_115' title='bbox 241 1935 278 1998; x_wconf 90' lang='lat' dir='ltr'><strong>in</strong></span> <span class='ocrx_word' id='word_1_116' title='bbox 300 1933 505 1998; x_wconf 88' lang='lat' dir='ltr'><strong>Graecorum</strong></span> <span class='ocrx_word' id='word_1_117' title='bbox 526 1930 667 2004; x_wconf 88' lang='lat' dir='ltr'><strong>ecclesiis</strong></span> <span class='ocrx_word' id='word_1_118' title='bbox 689 1929 838 2014; x_wconf 87' lang='lat' dir='ltr'><strong>abrogari</strong></span> <span class='ocrx_word' id='word_1_119' title='bbox 863 1930 988 2018; x_wconf 87' lang='lat' dir='ltr'><strong>coepit;</strong></span> <span class='ocrx_word' id='word_1_120' title='bbox 1011 1947 1042 1995; x_wconf 86' lang='lat' dir='ltr'><strong>et</strong></span> <span class='ocrx_word' id='word_1_121' title='bbox 1061 1929 1325 2023; x_wconf 73' lang='lat' dir='ltr'><strong>historia&#39;dccet,</strong></span> <span class='ocrx_word' id='word_1_122' title='bbox 1387 1985 1388 2048; x_wconf 67' lang='lat' dir='ltr'><strong>t</strong></span> 
     </span>
     <span class='ocr_line' id='line_1_16' title="bbox 241 2033 1388 2128; baseline 0.01 -27"><span class='ocrx_word' id='word_1_123' title='bbox 241 2037 344 2101; x_wconf 87' lang='lat' dir='ltr'><strong>serius</strong></span> <span class='ocrx_word' id='word_1_124' title='bbox 374 2033 497 2104; x_wconf 89' lang='lat' dir='ltr'><strong>librum</strong></span> <span class='ocrx_word' id='word_1_125' title='bbox 519 2035 617 2102; x_wconf 64' lang='lat' dir='ltr'><strong>,huuc</strong></span> <span class='ocrx_word' id='word_1_126' title='bbox 641 2035 735 2122; x_wconf 91' lang='lat' dir='ltr'><strong>Syris</strong></span> <span class='ocrx_word' id='word_1_127' title='bbox 758 2055 891 2100; x_wconf 85' lang='lat' dir='ltr'><strong>versum</strong></span> <span class='ocrx_word' id='word_1_128' title='bbox 913 2053 944 2100; x_wconf 89' lang='lat' dir='ltr'><strong>et</strong></span> <span class='ocrx_word' id='word_1_129' title='bbox 965 2039 1075 2124; x_wconf 89' lang='lat' dir='ltr'><strong>magni</strong></span> <span class='ocrx_word' id='word_1_130' title='bbox 1096 2037 1218 2105; x_wconf 86' lang='lat' dir='ltr'><strong>factum</strong></span> <span class='ocrx_word' id='word_1_131' title='bbox 1242 2068 1326 2128; x_wconf 88' lang='lat' dir='ltr'><strong>esse,</strong></span> <span class='ocrx_word' id='word_1_132' title='bbox 1387 2107 1388 2110; x_wconf 71' lang='grc'>,</span> 
     </span>
    </p>

    <p class='ocr_par' dir='ltr' id='par_1_5' title="bbox 162 2123 1388 2960">
     <span class='ocr_line' id='line_1_17' title="bbox 162 2123 1388 2234; baseline 0.008 -28"><span class='ocrx_word' id='word_1_133' title='bbox 162 2173 164 2180; x_wconf 93' lang='grc'><strong><em>·</em></strong></span> <span class='ocrx_word' id='word_1_134' title='bbox 240 2154 277 2206; x_wconf 91' lang='lat' dir='ltr'><strong>ut</strong></span> <span class='ocrx_word' id='word_1_135' title='bbox 312 2143 378 2224; x_wconf 85' lang='lat' dir='ltr'><strong>jam</strong></span> <span class='ocrx_word' id='word_1_136' title='bbox 405 2139 619 2232; x_wconf 84' lang='lat' dir='ltr'><strong>Ephraem</strong></span> <span class='ocrx_word' id='word_1_137' title='bbox 650 2142 782 2226; x_wconf 84' lang='lat' dir='ltr'><strong>Syrus</strong></span> <span class='ocrx_word' id='word_1_138' title='bbox 814 2162 877 2204; x_wconf 88' lang='lat' dir='ltr'><strong>sec.</strong></span> <span class='ocrx_word' id='word_1_139' title='bbox 905 2153 1020 2226; x_wconf 86' lang='lat' dir='ltr'><strong>quarto</strong></span> <span class='ocrx_word' id='word_1_140' title='bbox 1050 2163 1127 2207; x_wconf 89' lang='lat' dir='ltr'><strong>eum</strong></span> <span class='ocrx_word' id='word_1_141' title='bbox 1154 2145 1323 2234; x_wconf 90' lang='lat' dir='ltr'><strong>Apostolo</strong></span> <span class='ocrx_word' id='word_1_142' title='bbox 1387 2123 1388 2172; x_wconf 54' lang='lat' dir='ltr'><strong>l</strong></span> 
     </span>
     <span class='ocr_line' id='line_1_18' title="bbox 237 2237 1325 2332; baseline -0.002 -22"><span class='ocrx_word' id='word_1_143' title='bbox 237 2237 370 2311; x_wconf 82' lang='lat' dir='ltr'><strong>tribuat.</strong></span> <span class='ocrx_word' id='word_1_144' title='bbox 414 2245 565 2332; x_wconf 89' lang='lat' dir='ltr'><strong>Cumque</strong></span> <span class='ocrx_word' id='word_1_145' title='bbox 583 2245 733 2313; x_wconf 90' lang='lat' dir='ltr'><strong>Peschito</strong></span> <span class='ocrx_word' id='word_1_146' title='bbox 753 2267 822 2310; x_wconf 89' lang='lat' dir='ltr'><strong>non</strong></span> <span class='ocrx_word' id='word_1_147' title='bbox 842 2247 947 2311; x_wconf 90' lang='lat' dir='ltr'><strong>solum</strong></span> <span class='ocrx_word' id='word_1_148' title='bbox 969 2247 1057 2312; x_wconf 92' lang='lat' dir='ltr'><strong>hunc</strong></span> <span class='ocrx_word' id='word_1_149' title='bbox 1076 2249 1195 2316; x_wconf 87' lang='lat' dir='ltr'><strong>librum</strong></span> <span class='ocrx_word' id='word_1_150' title='bbox 1216 2257 1325 2322; x_wconf 80' lang='lat' dir='ltr'><strong>omit.</strong></span> 
     </span>
     <span class='ocr_line' id='line_1_19' title="bbox 237 2349 1321 2445; baseline 0.006 -29"><span class='ocrx_word' id='word_1_151' title='bbox 237 2363 305 2434; x_wconf 87' lang='lat' dir='ltr'><strong>tat,</strong></span> <span class='ocrx_word' id='word_1_152' title='bbox 341 2351 397 2416; x_wconf 90' lang='lat' dir='ltr'><strong>sed</strong></span> <span class='ocrx_word' id='word_1_153' title='bbox 424 2349 518 2442; x_wconf 81' lang='lat' dir='ltr'><strong>Petri</strong></span> <span class='ocrx_word' id='word_1_154' title='bbox 545 2349 641 2414; x_wconf 80' lang='lat' dir='ltr'><strong>etiam</strong></span> <span class='ocrx_word' id='word_1_155' title='bbox 672 2349 849 2413; x_wconf 88' lang='lat' dir='ltr'><strong>secundam</strong></span> <span class='ocrx_word' id='word_1_156' title='bbox 879 2361 912 2415; x_wconf 90' lang='lat' dir='ltr'><strong>et</strong></span> <span class='ocrx_word' id='word_1_157' title='bbox 940 2349 1040 2414; x_wconf 80' lang='lat' dir='ltr'><strong>iudae</strong></span> <span class='ocrx_word' id='word_1_158' title='bbox 1068 2355 1214 2440; x_wconf 84' lang='lat' dir='ltr'><strong>epistolas</strong></span> <span class='ocrx_word' id='word_1_159' title='bbox 1242 2361 1321 2445; x_wconf 81' lang='lat' dir='ltr'><strong>jure</strong></span> 
     </span>
     <span class='ocr_line' id='line_1_20' title="bbox 238 2451 1321 2553; baseline 0.003 -35"><span class='ocrx_word' id='word_1_160' title='bbox 238 2459 291 2536; x_wconf 89' lang='lat' dir='ltr'><strong>(v.</strong></span> <span class='ocrx_word' id='word_1_161' title='bbox 311 2454 413 2538; x_wconf 86' lang='lat' dir='ltr'><strong>infra)</strong></span> <span class='ocrx_word' id='word_1_162' title='bbox 435 2465 620 2542; x_wconf 88' lang='lat' dir='ltr'><strong>suspectas,</strong></span> <span class='ocrx_word' id='word_1_163' title='bbox 649 2453 742 2515; x_wconf 83' lang='lat' dir='ltr'><strong>luere</strong></span> <span class='ocrx_word' id='word_1_164' title='bbox 763 2451 849 2518; x_wconf 91' lang='lat' dir='ltr'><strong>haud</strong></span> <span class='ocrx_word' id='word_1_165' title='bbox 872 2453 969 2519; x_wconf 90' lang='lat' dir='ltr'><strong>dubio</strong></span> <span class='ocrx_word' id='word_1_166' title='bbox 990 2459 1102 2522; x_wconf 86' lang='lat' dir='ltr'><strong>caus&#39;ae</strong></span> <span class='ocrx_word' id='word_1_167' title='bbox 1122 2463 1219 2528; x_wconf 87' lang='lat' dir='ltr'><strong>etiam</strong></span> <span class='ocrx_word' id='word_1_168' title='bbox 1234 2487 1321 2553; x_wconf 79' lang='lat' dir='ltr'><strong>gra.</strong></span> 
     </span>
     <span class='ocr_line' id='line_1_21' title="bbox 237 2557 1320 2648; baseline 0.014 -25"><span class='ocrx_word' id='word_1_169' title='bbox 237 2559 409 2639; x_wconf 86' lang='lat' dir='ltr'><strong>vissimae,</strong></span> <span class='ocrx_word' id='word_1_170' title='bbox 445 2580 526 2645; x_wconf 89' lang='lat' dir='ltr'><strong>quae</strong></span> <span class='ocrx_word' id='word_1_171' title='bbox 554 2558 782 2646; x_wconf 86' lang='lat' dir='ltr'><strong>Apocalypsin</strong></span> <span class='ocrx_word' id='word_1_172' title='bbox 803 2561 896 2644; x_wconf 84' lang='lat' dir='ltr'><strong>juxta</strong></span> <span class='ocrx_word' id='word_1_173' title='bbox 916 2557 971 2623; x_wconf 87' lang='lat' dir='ltr'><strong>has</strong></span> <span class='ocrx_word' id='word_1_174' title='bbox 993 2561 1137 2648; x_wconf 87' lang='lat' dir='ltr'><strong>epistolas</strong></span> <span class='ocrx_word' id='word_1_175' title='bbox 1158 2571 1320 2638; x_wconf 89' lang='lat' dir='ltr'><strong>omitten-</strong></span> 
     </span>
     <span class='ocr_line' id='line_1_22' title="bbox 237 2661 1387 2756; baseline 0.012 -29"><span class='ocrx_word' id='word_1_176' title='bbox 237 2663 313 2727; x_wconf 88' lang='lat' dir='ltr'><strong>dam</strong></span> <span class='ocrx_word' id='word_1_177' title='bbox 331 2661 515 2728; x_wconf 79' lang='lat' dir='ltr'><strong>suaderent.</strong></span> <span class='ocrx_word' id='word_1_178' title='bbox 555 2663 727 2728; x_wconf 86' lang='lat' dir='ltr'><strong>Habemus</strong></span> <span class='ocrx_word' id='word_1_179' title='bbox 738 2663 844 2756; x_wconf 36' lang='lat' dir='ltr'><strong>(igitur</strong></span> <span class='ocrx_word' id='word_1_180' title='bbox 864 2667 1008 2752; x_wconf 79' lang='lat' dir='ltr'><strong>integrae</strong></span> <span class='ocrx_word' id='word_1_181' title='bbox 1029 2669 1315 2744; x_wconf 85' lang='lat' dir='ltr'><strong>ecclesiae&#39;testem</strong></span> <span class='ocrx_word' id='word_1_182' title='bbox 1386 2703 1387 2712; x_wconf 52' lang='lat'>¹</span> 
     </span>
     <span class='ocr_line' id='line_1_23' title="bbox 235 2767 1316 2868; baseline 0.012 -34"><span class='ocrx_word' id='word_1_183' title='bbox 235 2781 269 2834; x_wconf 87' lang='lat' dir='ltr'><strong>et</strong></span> <span class='ocrx_word' id='word_1_184' title='bbox 289 2781 387 2833; x_wconf 85' lang='lat' dir='ltr'><strong>aetate</strong></span> <span class='ocrx_word' id='word_1_185' title='bbox 408 2780 441 2834; x_wconf 89' lang='lat' dir='ltr'><strong>et</strong></span> <span class='ocrx_word' id='word_1_186' title='bbox 460 2770 650 2834; x_wconf 88' lang='lat' dir='ltr'><strong>auctoritate</strong></span> <span class='ocrx_word' id='word_1_187' title='bbox 670 2769 780 2854; x_wconf 87' lang='lat' dir='ltr'><strong>ipsum</strong></span> <span class='ocrx_word' id='word_1_188' title='bbox 799 2767 964 2834; x_wconf 79' lang='lat' dir='ltr'><strong>lustinum</strong></span> <span class='ocrx_word' id='word_1_189' title='bbox 985 2771 1034 2836; x_wconf 87' lang='lat' dir='ltr'><strong>M.</strong></span> <span class='ocrx_word' id='word_1_190' title='bbox 1057 2773 1085 2838; x_wconf 88' lang='lat' dir='ltr'><strong>si</strong></span> <span class='ocrx_word' id='word_1_191' title='bbox 1105 2797 1173 2842; x_wconf 91' lang='lat' dir='ltr'><strong>non</strong></span> <span class='ocrx_word' id='word_1_192' title='bbox 1194 2803 1316 2868; x_wconf 87' lang='lat' dir='ltr'><strong>super-</strong></span> 
     </span>
     <span class='ocr_line' id='line_1_24' title="bbox 234 2872 1387 2960; baseline 0.013 -22"><span class='ocrx_word' id='word_1_193' title='bbox 234 2891 361 2955; x_wconf 87' lang='lat' dir='ltr'><strong>antem,</strong></span> <span class='ocrx_word' id='word_1_194' title='bbox 388 2886 529 2939; x_wconf 89' lang='lat' dir='ltr'><strong>atcerte</strong></span> <span class='ocrx_word' id='word_1_195' title='bbox 550 2888 757 2960; x_wconf 87' lang='lat' dir='ltr'><strong>aequantem,</strong></span> <span class='ocrx_word' id='word_1_196' title='bbox 782 2872 835 2936; x_wconf 91' lang='lat' dir='ltr'><strong>cui</strong></span> <span class='ocrx_word' id='word_1_197' title='bbox 861 2873 947 2958; x_wconf 91' lang='lat' dir='ltr'><strong>quod</strong></span> <span class='ocrx_word' id='word_1_198' title='bbox 970 2874 1141 2942; x_wconf 88' lang='lat' dir='ltr'><strong>detrahere</strong></span> <span class='ocrx_word' id='word_1_199' title='bbox 1161 2884 1214 2948; x_wconf 91' lang='lat' dir='ltr'><strong>alii</strong></span> <span class='ocrx_word' id='word_1_200' title='bbox 1238 2900 1316 2954; x_wconf 86' lang='lat' dir='ltr'><strong>stu·</strong></span> <span class='ocrx_word' id='word_1_201' title='bbox 1386 2903 1387 2922; x_wconf 66' lang='lat'>¹</span> 
     </span>
    </p>

    <p class='ocr_par' dir='ltr' id='par_1_6' title="bbox 97 2969 1317 3072">
     <span class='ocr_line' id='line_1_25' title="bbox 97 2969 1317 3072; baseline 0.009 -28"><span class='ocrx_word' id='word_1_202' title='bbox 97 2969 99 2976; x_wconf 56' lang='grc'>’</span> <span class='ocrx_word' id='word_1_203' title='bbox 194 3046 196 3058; x_wconf 21' lang='grc' dir='ltr'><strong>Α</strong></span> <span class='ocrx_word' id='word_1_204' title='bbox 232 2980 310 3045; x_wconf 91' lang='lat' dir='ltr'><strong>deut</strong></span> <span class='ocrx_word' id='word_1_205' title='bbox 331 2980 389 3065; x_wconf 85' lang='lat'><strong>1),</strong></span> <span class='ocrx_word' id='word_1_206' title='bbox 412 2981 509 3046; x_wconf 87' lang='lat' dir='ltr'><strong>auxie</strong></span> <span class='ocrx_word' id='word_1_207' title='bbox 532 2977 656 3045; x_wconf 86' lang='lat' dir='ltr'><strong>faciunt</strong></span> <span class='ocrx_word' id='word_1_208' title='bbox 676 2999 714 3042; x_wconf 89' lang='lat' dir='ltr'><strong>re</strong></span> <span class='ocrx_word' id='word_1_209' title='bbox 735 2976 804 3064; x_wconf 83' lang='lat' dir='ltr'><strong>ipse</strong></span> <span class='ocrx_word' id='word_1_210' title='bbox 824 2977 935 3044; x_wconf 86' lang='lat' dir='ltr'><strong>invita.</strong></span> <span class='ocrx_word' id='word_1_211' title='bbox 992 2980 1180 3072; x_wconf 90' lang='lat' dir='ltr'><strong>Mansitque</strong></span> <span class='ocrx_word' id='word_1_212' title='bbox 1199 2991 1317 3060; x_wconf 84' lang='lat' dir='ltr'><strong>minor</strong></span> 
     </span>
    </p>
   </div>
   <div class='ocr_carea' id='block_1_4' title="bbox 245 3164 1322 4240">
    <p class='ocr_par' dir='ltr' id='par_1_7' title="bbox 283 3164 1318 3512">
     <span class='ocr_line' id='line_1_26' title="bbox 304 3164 1318 3252; baseline 0.021 -36"><span class='ocrx_word' id='word_1_213' title='bbox 304 3168 414 3240; x_wconf 75' lang='lat'>(1735)</span> <span class='ocrx_word' id='word_1_214' title='bbox 432 3187 459 3240; x_wconf 83' lang='lat' dir='ltr'><strong>p.</strong></span> <span class='ocrx_word' id='word_1_215' title='bbox 472 3169 611 3236; x_wconf 77' lang='lat' dir='ltr'><strong>251&#39;sqq.,</strong></span> <span class='ocrx_word' id='word_1_216' title='bbox 625 3183 661 3228; x_wconf 84' lang='lat' dir='ltr'><strong>an</strong></span> <span class='ocrx_word' id='word_1_217' title='bbox 675 3164 1001 3252; x_wconf 73' lang='lat' dir='ltr'><strong>ClempnsApocalypsiu</strong></span> <span class='ocrx_word' id='word_1_218' title='bbox 1019 3169 1159 3240; x_wconf 87' lang='lat' dir='ltr'><strong>Apostclo</strong></span> <span class='ocrx_word' id='word_1_219' title='bbox 1176 3195 1240 3248; x_wconf 79' lang='lat' dir='ltr'><strong>vera</strong></span> <span class='ocrx_word' id='word_1_220' title='bbox 1260 3186 1318 3236; x_wconf 83' lang='lat' dir='ltr'><strong>tri-</strong></span> 
     </span>
     <span class='ocr_line' id='line_1_27' title="bbox 283 3259 1317 3334; baseline 0.015 -27"><span class='ocrx_word' id='word_1_221' title='bbox 283 3267 286 3278; x_wconf 86' lang='lat'>&#39;</span> <span class='ocrx_word' id='word_1_222' title='bbox 302 3259 406 3317; x_wconf 80' lang='lat' dir='ltr'><strong>buerit.</strong></span> <span class='ocrx_word' id='word_1_223' title='bbox 441 3260 548 3316; x_wconf 87' lang='lat' dir='ltr'><strong>Mirum</strong></span> <span class='ocrx_word' id='word_1_224' title='bbox 563 3261 661 3322; x_wconf 82' lang='lat' dir='ltr'><strong>etiam,</strong></span> <span class='ocrx_word' id='word_1_225' title='bbox 676 3261 708 3310; x_wconf 87' lang='lat' dir='ltr'><strong>in</strong></span> <span class='ocrx_word' id='word_1_226' title='bbox 721 3261 843 3310; x_wconf 84' lang='lat' dir='ltr'><strong>coustitt.</strong></span> <span class='ocrx_word' id='word_1_227' title='bbox 853 3271 942 3326; x_wconf 82' lang='lat' dir='ltr'><strong>apost·</strong></span> <span class='ocrx_word' id='word_1_228' title='bbox 952 3260 1088 3315; x_wconf 86' lang='lat' dir='ltr'><strong>Clementi</strong></span> <span class='ocrx_word' id='word_1_229' title='bbox 1105 3263 1176 3316; x_wconf 83' lang='lat' dir='ltr'><strong>falso</strong></span> <span class='ocrx_word' id='word_1_230' title='bbox 1194 3268 1317 3334; x_wconf 85' lang='lat' dir='ltr'><strong>quidem</strong></span> 
     </span>
     <span class='ocr_line' id='line_1_28' title="bbox 303 3347 1317 3422; baseline 0.01 -19"><span class='ocrx_word' id='word_1_231' title='bbox 303 3349 417 3405; x_wconf 86' lang='lat' dir='ltr'><strong>tributis</strong></span> <span class='ocrx_word' id='word_1_232' title='bbox 441 3348 492 3402; x_wconf 84' lang='lat' dir='ltr'><strong>sed</strong></span> <span class='ocrx_word' id='word_1_233' title='bbox 513 3348 602 3400; x_wconf 86' lang='lat' dir='ltr'><strong>seculi</strong></span> <span class='ocrx_word' id='word_1_234' title='bbox 621 3357 720 3422; x_wconf 60' lang='lat' dir='ltr'><strong>tamenx</strong></span> <span class='ocrx_word' id='word_1_235' title='bbox 731 3347 845 3401; x_wconf 83' lang='lat' dir='ltr'><strong>secundi</strong></span> <span class='ocrx_word' id='word_1_236' title='bbox 863 3363 946 3420; x_wconf 87' lang='lat' dir='ltr'><strong>opere</strong></span> <span class='ocrx_word' id='word_1_237' title='bbox 963 3349 1153 3421; x_wconf 81' lang='lat' dir='ltr'><strong>Apocalypsin</strong></span> <span class='ocrx_word' id='word_1_238' title='bbox 1169 3359 1242 3412; x_wconf 87' lang='lat' dir='ltr'><strong>inter</strong></span> <span class='ocrx_word' id='word_1_239' title='bbox 1264 3377 1317 3416; x_wconf 80' lang='lat' dir='ltr'><strong>cu-</strong></span> 
     </span>
     <span class='ocr_line' id='line_1_29' title="bbox 301 3436 1228 3512; baseline 0.006 -20"><span class='ocrx_word' id='word_1_240' title='bbox 301 3444 403 3492; x_wconf 82' lang='lat' dir='ltr'><strong>uouica</strong></span> <span class='ocrx_word' id='word_1_241' title='bbox 419 3455 478 3492; x_wconf 89' lang='lat' dir='ltr'><strong>nou</strong></span> <span class='ocrx_word' id='word_1_242' title='bbox 494 3442 650 3501; x_wconf 83' lang='lat' dir='ltr'><strong>recenseri,</strong></span> <span class='ocrx_word' id='word_1_243' title='bbox 667 3454 695 3490; x_wconf 76' lang='lat' dir='ltr'><strong>v.</strong></span> <span class='ocrx_word' id='word_1_244' title='bbox 713 3436 846 3492; x_wconf 80' lang='lat' dir='ltr'><strong>Cotelerii</strong></span> <span class='ocrx_word' id='word_1_245' title='bbox 862 3451 954 3506; x_wconf 79' lang='lat' dir='ltr'><strong>putres</strong></span> <span class='ocrx_word' id='word_1_246' title='bbox 976 3457 1020 3510; x_wconf 81' lang='lat' dir='ltr'><strong>sp·</strong></span> <span class='ocrx_word' id='word_1_247' title='bbox 1038 3446 1072 3497; x_wconf 85' lang='lat' dir='ltr'><strong>T·</strong></span> <span class='ocrx_word' id='word_1_248' title='bbox 1085 3447 1107 3498; x_wconf 88' lang='lat'><strong>1.</strong></span> <span class='ocrx_word' id='word_1_249' title='bbox 1125 3461 1153 3512; x_wconf 89' lang='lat' dir='ltr'><strong>p.</strong></span> <span class='ocrx_word' id='word_1_250' title='bbox 1164 3451 1228 3509; x_wconf 78' lang='grc'><strong>453.</strong></span> 
     </span>
    </p>

    <p class='ocr_par' dir='ltr' id='par_1_8' title="bbox 264 3525 1321 4062">
     <span class='ocr_line' id='line_1_30' title="bbox 264 3525 1316 3621; baseline 0.002 -28"><span class='ocrx_word' id='word_1_251' title='bbox 264 3543 295 3606; x_wconf 92' lang='lat'><strong>1)</strong></span> <span class='ocrx_word' id='word_1_252' title='bbox 312 3536 558 3615; x_wconf 22' lang='lat' dir='ltr'><strong>Sitorrrlpolpg·</strong></span> <span class='ocrx_word' id='word_1_253' title='bbox 577 3541 671 3604; x_wconf 84' lang='lat' dir='ltr'><strong>p·186</strong></span> <span class='ocrx_word' id='word_1_254' title='bbox 684 3553 744 3606; x_wconf 78' lang='lat' dir='ltr'><strong>sqq.</strong></span> <span class='ocrx_word' id='word_1_255' title='bbox 780 3525 1063 3608; x_wconf 75' lang='lat' dir='ltr'><strong>Her&#39;twigT.lV.</strong></span> <span class='ocrx_word' id='word_1_256' title='bbox 1084 3551 1187 3610; x_wconf 68' lang='lat' dir='ltr'><strong>p.231,</strong></span> <span class='ocrx_word' id='word_1_257' title='bbox 1223 3547 1316 3621; x_wconf 83' lang='lat' dir='ltr'><strong>Hug</strong></span> 
     </span>
     <span class='ocr_line' id='line_1_31' title="bbox 300 3627 1318 3702; baseline 0.014 -21"><span class='ocrx_word' id='word_1_258' title='bbox 300 3627 403 3683; x_wconf 75' lang='lat' dir='ltr'><strong>introii.</strong></span> <span class='ocrx_word' id='word_1_259' title='bbox 421 3627 443 3678; x_wconf 91' lang='lat'><strong>1.</strong></span> <span class='ocrx_word' id='word_1_260' title='bbox 461 3632 561 3694; x_wconf 80' lang='lat' dir='ltr'><strong>p.356.</strong></span> <span class='ocrx_word' id='word_1_261' title='bbox 579 3628 623 3681; x_wconf 79' lang='lat' dir='ltr'><strong>ed.</strong></span> <span class='ocrx_word' id='word_1_262' title='bbox 641 3639 704 3681; x_wconf 88' lang='lat' dir='ltr'><strong>tert.</strong></span> <span class='ocrx_word' id='word_1_263' title='bbox 722 3627 826 3695; x_wconf 83' lang='lat' dir='ltr'><strong>aliique</strong></span> <span class='ocrx_word' id='word_1_264' title='bbox 844 3640 943 3695; x_wconf 86' lang='lat' dir='ltr'><strong>putent</strong></span> <span class='ocrx_word' id='word_1_265' title='bbox 959 3631 1152 3700; x_wconf 83' lang='lat' dir='ltr'><strong>Apocalypsin</strong></span> <span class='ocrx_word' id='word_1_266' title='bbox 1170 3642 1318 3702; x_wconf 82' lang='lat' dir='ltr'><strong>syriacam</strong></span> 
     </span>
     <span class='ocr_line' id='line_1_32' title="bbox 301 3707 1319 3796; baseline 0.012 -26"><span class='ocrx_word' id='word_1_267' title='bbox 301 3707 424 3770; x_wconf 80' lang='lat' dir='ltr'><strong>serius</strong></span> <span class='ocrx_word' id='word_1_268' title='bbox 449 3714 562 3770; x_wconf 85' lang='lat' dir='ltr'><strong>demum</strong></span> <span class='ocrx_word' id='word_1_269' title='bbox 589 3707 628 3771; x_wconf 60' lang='lat' dir='ltr'><strong>ex&#39;</strong></span> <span class='ocrx_word' id='word_1_270' title='bbox 640 3719 772 3772; x_wconf 88' lang='lat' dir='ltr'><strong>Peschito</strong></span> <span class='ocrx_word' id='word_1_271' title='bbox 790 3718 939 3772; x_wconf 85' lang='lat' dir='ltr'><strong>detractam</strong></span> <span class='ocrx_word' id='word_1_272' title='bbox 956 3739 1031 3784; x_wconf 83' lang='lat' dir='ltr'><strong>esse3</strong></span> <span class='ocrx_word' id='word_1_273' title='bbox 1056 3725 1105 3777; x_wconf 89' lang='lat' dir='ltr'><strong>sed</strong></span> <span class='ocrx_word' id='word_1_274' title='bbox 1122 3743 1173 3780; x_wconf 86' lang='lat' dir='ltr'><strong>cur</strong></span> <span class='ocrx_word' id='word_1_275' title='bbox 1189 3725 1246 3781; x_wconf 78' lang='lat' dir='ltr'><strong>hoe</strong></span> <span class='ocrx_word' id='word_1_276' title='bbox 1266 3732 1319 3796; x_wconf 76' lang='lat' dir='ltr'><strong>fe-</strong></span> 
     </span>
     <span class='ocr_line' id='line_1_33' title="bbox 301 3798 1320 3886; baseline 0.019 -26"><span class='ocrx_word' id='word_1_277' title='bbox 301 3809 392 3860; x_wconf 75' lang='lat' dir='ltr'><strong>cerini</strong></span> <span class='ocrx_word' id='word_1_278' title='bbox 408 3803 489 3872; x_wconf 78' lang='lat' dir='ltr'><strong>Syri,</strong></span> <span class='ocrx_word' id='word_1_279' title='bbox 507 3811 558 3875; x_wconf 88' lang='lat' dir='ltr'><strong>qui</strong></span> <span class='ocrx_word' id='word_1_280' title='bbox 574 3811 669 3875; x_wconf 87' lang='lat' dir='ltr'><strong>potius</strong></span> <span class='ocrx_word' id='word_1_281' title='bbox 686 3806 795 3862; x_wconf 85' lang='lat' dir='ltr'><strong>labente</strong></span> <span class='ocrx_word' id='word_1_282' title='bbox 813 3822 938 3878; x_wconf 83' lang='lat' dir='ltr'><strong>tempore</strong></span> <span class='ocrx_word' id='word_1_283' title='bbox 955 3798 1209 3886; x_wconf 63' lang='lat' dir='ltr'><strong>Apocaly&#39;psi‘plus</strong></span> <span class='ocrx_word' id='word_1_284' title='bbox 1228 3822 1320 3878; x_wconf 84' lang='lat' dir='ltr'><strong>save-</strong></span> 
     </span>
     <span class='ocr_line' id='line_1_34' title="bbox 301 3893 1321 3979; baseline 0.019 -30"><span class='ocrx_word' id='word_1_285' title='bbox 301 3897 369 3950; x_wconf 83' lang='lat' dir='ltr'><strong>baut</strong></span> <span class='ocrx_word' id='word_1_286' title='bbox 390 3913 533 3966; x_wconf 80' lang='lat' dir='ltr'><strong>novasque</strong></span> <span class='ocrx_word' id='word_1_287' title='bbox 560 3893 716 3949; x_wconf 87' lang='lat' dir='ltr'><strong>condebant</strong></span> <span class='ocrx_word' id='word_1_288' title='bbox 732 3903 892 3964; x_wconf 59' lang='lat' dir='ltr'><strong>versiones,</strong></span> <span class='ocrx_word' id='word_1_289' title='bbox 916 3916 1032 3967; x_wconf 85' lang='lat' dir='ltr'><strong>prorsus</strong></span> <span class='ocrx_word' id='word_1_290' title='bbox 1050 3923 1108 3960; x_wconf 87' lang='lat' dir='ltr'><strong>uon</strong></span> <span class='ocrx_word' id='word_1_291' title='bbox 1126 3914 1321 3979; x_wconf 84' lang='lat' dir='ltr'><strong>perspicitur;</strong></span> 
     </span>
     <span class='ocr_line' id='line_1_35' title="bbox 301 3980 1321 4062; baseline 0.012 -19"><span class='ocrx_word' id='word_1_292' title='bbox 301 4002 329 4043; x_wconf 91' lang='lat' dir='ltr'><strong>et</strong></span> <span class='ocrx_word' id='word_1_293' title='bbox 346 3993 483 4054; x_wconf 85' lang='lat' dir='ltr'><strong>rationes,</strong></span> <span class='ocrx_word' id='word_1_294' title='bbox 497 3985 599 4056; x_wconf 88' lang='lat' dir='ltr'><strong>quibus</strong></span> <span class='ocrx_word' id='word_1_295' title='bbox 625 3987 696 4040; x_wconf 87' lang='lat' dir='ltr'><strong>illud</strong></span> <span class='ocrx_word' id='word_1_296' title='bbox 713 3985 862 4058; x_wconf 86' lang='lat' dir='ltr'><strong>probatum</strong></span> <span class='ocrx_word' id='word_1_297' title='bbox 879 4001 962 4056; x_wconf 89' lang='lat' dir='ltr'><strong>eunt,</strong></span> <span class='ocrx_word' id='word_1_298' title='bbox 986 4009 1016 4046; x_wconf 87' lang='lat' dir='ltr'><strong>re</strong></span> <span class='ocrx_word' id='word_1_299' title='bbox 1034 3980 1096 4062; x_wconf 81' lang='lat' dir='ltr'><strong>ipse</strong></span> <span class='ocrx_word' id='word_1_300' title='bbox 1113 3999 1207 4054; x_wconf 81' lang='lat' dir='ltr'><strong>nullae</strong></span> <span class='ocrx_word' id='word_1_301' title='bbox 1231 4017 1321 4058; x_wconf 80' lang='lat' dir='ltr'><strong>sunt.</strong></span> 
     </span>
    </p>

    <p class='ocr_par' dir='ltr' id='par_1_9' title="bbox 245 4077 1322 4240">
     <span class='ocr_line' id='line_1_36' title="bbox 245 4077 1322 4157; baseline 0.015 -25"><span class='ocrx_word' id='word_1_302' title='bbox 245 4104 249 4112; x_wconf 77' lang='lat'><strong>,</strong></span> <span class='ocrx_word' id='word_1_303' title='bbox 300 4079 437 4134; x_wconf 82' lang='lat' dir='ltr'><strong>Videmus</strong></span> <span class='ocrx_word' id='word_1_304' title='bbox 462 4083 557 4157; x_wconf 85' lang='lat' dir='ltr'><strong>potius</strong></span> <span class='ocrx_word' id='word_1_305' title='bbox 583 4077 668 4143; x_wconf 81' lang='lat' dir='ltr'><strong>Syros</strong></span> <span class='ocrx_word' id='word_1_306' title='bbox 695 4081 831 4130; x_wconf 84' lang='lat' dir='ltr'><strong>sensim</strong></span> <span class='ocrx_word' id='word_1_307' title='bbox 855 4077 967 4132; x_wconf 86' lang='lat' dir='ltr'><strong>demum</strong></span> <span class='ocrx_word' id='word_1_308' title='bbox 991 4084 1109 4138; x_wconf 89' lang='lat' dir='ltr'><strong>aliarum</strong></span> <span class='ocrx_word' id='word_1_309' title='bbox 1124 4091 1322 4151; x_wconf 84' lang='lat' dir='ltr'><strong>ecclesiarum</strong></span> 
     </span>
     <span class='ocr_line' id='line_1_37' title="bbox 302 4165 1227 4240; baseline 0.003 -15"><span class='ocrx_word' id='word_1_310' title='bbox 302 4173 431 4240; x_wconf 82' lang='lat' dir='ltr'><strong>exemplo</strong></span> <span class='ocrx_word' id='word_1_311' title='bbox 448 4182 542 4223; x_wconf 85' lang='lat' dir='ltr'><strong>motos</strong></span> <span class='ocrx_word' id='word_1_312' title='bbox 560 4167 633 4222; x_wconf 87' lang='lat' dir='ltr'><strong>libro</strong></span> <span class='ocrx_word' id='word_1_313' title='bbox 651 4167 719 4237; x_wconf 72' lang='lat' dir='ltr'><strong>huic</strong></span> <span class='ocrx_word' id='word_1_314' title='bbox 737 4169 800 4238; x_wconf 83' lang='lat' dir='ltr'><strong>plus</strong></span> <span class='ocrx_word' id='word_1_315' title='bbox 819 4175 989 4226; x_wconf 80' lang='lat' dir='ltr'><strong>auctoritatis</strong></span> <span class='ocrx_word' id='word_1_316' title='bbox 1007 4173 1146 4230; x_wconf 81' lang='lat' dir='ltr'><strong>tribuisse.</strong></span> <span class='ocrx_word' id='word_1_317' title='bbox 1224 4165 1227 4170; x_wconf 30' lang='lat'>¹</span> 
     </span>
    </p>
   </div>
   <div class='ocr_carea' id='block_1_5' title="bbox 0 0 1402 4870">
    <p class='ocr_par' dir='ltr' id='par_1_10' title="bbox 0 0 1402 4870">
     <span class='ocr_line' id='line_1_38' title="bbox 0 0 1402 4870; baseline 0 5"><span class='ocrx_word' id='word_1_318' title='bbox 0 0 1402 4870; x_wconf 95' lang='lat' dir='ltr'><strong> </strong></span> 
     </span>
    </p>
   </div>
  </div>
 </body>
</html>
