2546 4868
253 339 331 409 300
401 323 445 396 11.
471 315 647 396 Visio'nes.
668 321 800 430 [ΗΜ
827 319 867 388 C.
886 329 922 400 3.
950 315 1040 415 capt
1062 329 1168 409 nna

255 507 366 573 videas
389 509 444 571 hic
464 529 574 576 recens
601 503 671 574 lere
703 506 739 571 in
768 507 851 569 banc
878 525 985 568 rerum
1013 501 1231 568 suturaruna'n

254 595 368 658 inseri.
411 595 492 658 Nam
512 607 602 658 uates
623 595 753 656 brevius
773 601 898 656 tantum
926 603 959 654 et
987 585 1169 654 festinanter
1182 611 1237 668 ragin

255 682 320 742 hoc
341 680 483 744 milliare
504 683 626 760 tangit,
646 681 874 764 beatorumque
888 680 1040 762 praemia
1061 681 1100 739 in
1120 697 1206 756 regnu
1214 674 1239 734 de
1259 723 1260 752 ,

214 781 218 790 '
254 787 346 830 mum
361 766 475 828 mnndi
489 769 571 829 nevi
590 766 729 828 coeleste
741 764 853 827 sedule
865 763 1006 826 cumulat
1021 762 1133 826 emnia
1151 773 1188 834 21,
1195 769 1234 834 t-tt,
1259 753 1260 770 ¹

256 861 296 928 53
317 851 499 938 tardarique
521 863 662 937 paratam
690 844 751 913 'am
772 851 838 938 piis
860 850 996 912 salutem
1009 869 1166 910 summam
1177 848 1231 922 istst

257 938 406 1013 coelesti,
430 959 472 1000 ex
493 947 542 1014 19,
563 947 585 1008 7
606 938 659 998 cll.
678 873 729 1012 dt,
750 947 770 1006 2
792 933 973 997 concludas.
1009 933 1234 997 Nihilominus

255 1021 432 1092 ‘resument-i
453 1017 551 1118 hujus
582 1023 742 1101 originem
770 1023 841 1082 sive
869 1023 1028 1108 picturam
1058 1020 1116 1080 bic
1139 1017 1241 1080 delinctr

255 1109 419 1194 finemque
438 1109 547 1193 operis
571 1129 731 1170 summurn
753 1118 895 1192 spectes,
929 1107 1018 1168 nihil
1047 1116 1099 1167 est
1120 1100 1191 1190 quod
1204 1111 1244 1158 rte

256 1192 291 1254 id
313 1193 352 1254 ad
374 1215 443 1256 rem
461 1194 670 1256 christianam
691 1189 872 1255 traduxisse
891 1211 984 1271 aegre
1006 1188 1105 1254 feras.
1153 1187 1248 1266 rame

257 1279 337 1342 haec
357 1299 399 1340 ex
419 1278 548 1354 eodem,
573 1279 658 1341 unde
689 1280 796 1364 omnis
822 1277 976 1341 derebus
1000 1277 1056 1338 his
1079 1271 1196 1344 futuris,
1214 1263 1250 1328 set

257 1366 421 1440 manavit,
450 1365 645 1446 imaginibus
668 1367 811 1439 scilicet,
839 1383 897 1449 spe
918 1364 973 1449 pia
996 1374 1030 1426 et
1051 1361 1138 1424 vetis
1156 1353 1247 1436 mureti

232 1487 236 1494 -
256 1450 428 1596 paullatim
449 1449 485 1512 in
505 1469 574 1511 rem
595 1451 687 1536 quasi
706 1445 993 1534 factam-certeque
1015 1458 1191 1510 eventuram
1205 1450 1246 1499 tttt

273 1536 344 1596 atis.
390 1532 572 1620 Spemnda
593 1548 625 1598 et
647 1557 665 1598 e
687 1555 746 1621 epe
761 1533 922 1621 votisque*
933 1535 999 1619 piis
1012 1535 1127 1596 hausta
1142 1549 1189 1591 nes
1197 1527 1249 1616 lette⁸

257 1642 327 1684 nen
351 1633 438 1682 certe
467 1618 567 1682 adeo
590 1621 777 1698 constituta,
808 1619 982 1692 tenendum
1009 1631 1073 1681 est.
1122 1615 1158 1678 Et
1180 1613 1252 1684 sirau

259 1705 398 1791 denique
431 1705 582 1768 coelestis
613 1709 771 1786 imagines
800 1707 928 1768 miseris
955 1692 1105 1767 solandis'
1122 1699 1251 1789 onnttrsp

258 1791 299 1852 ad
321 1791 515 1876 probitatem
529 1790 694 1878 fidemque
715 1791 1133 1872 instigandisinserviunt,
1160 1781 1250 1870 qattnt

258 1878 339 1938 haec
355 1879 511 1952 minoris,
534 1897 613 1962 quae
660 1877 819 1955 raecedet,
841 1870 1008 1940 felicitatis
1036 1879 1112 1963 pios
1140 1871 1205 1932 solos
1221 1879 1251 1956 ut

257 1961 367 2026 nentis
404 1959 602 2046 descriptio?
670 1961 802 2025 imirum
833 1973 905 2049 apte
937 1963 1001 2023 hn'c
1034 1978 1163 2040 regnum
1182 1949 1263 2036 ditebi

258 2057 409 2110 terrestre
431 2047 470 2109 ad
492 2047 658 2123 coelestis,
692 2047 728 2109 in
749 2071 811 2135 quo
832 2049 918 2111 salus
946 2047 1141 2132 beatitasque
1162 2050 1187 2102 et
1202 2047 1253 2121 nau

206 2169 209 2178 ι
259 2143 308 2195 est
331 2132 451 2196 mundo
473 2153 606 2217 prorsus
638 2153 726 2195 nove
757 2137 928 2221 omnisque
955 2131 1043 2221 qued
1075 2144 1167 2194 terrae
1186 2129 1250 2184 rosta

212 2284 214 2288 ,
259 2219 388 2304 semper
411 2216 561 2280 adhaeret
585 2219 662 2282 vitii
680 2231 813 2304 experte
844 2231 948 2290 creato
976 2217 1104 2304 deoque
1132 2211 1203 2276 etism
1219 2217 1250 2262 nu

258 2302 380 2366 Massia
400 2315 583 2388 praesente,
604 2316 637 2366 et
657 2327 820 2392 nunquam
841 2303 1106 2388 interriunpenda
1125 2295 1248 2382 impiisrtr¹

225 2457 227 2467 Α
259 2391 355 2451 nibus
366 2389 600 2474 inperpetuum
612 2393 744 2453 remotis
761 2386 971 2478 secretisque,
992 2383 1070 2477 (ζωὴ
1082 2377 1246 2454 stertentem
1263 2412 1264 2476 p

233 2473 373 2554 ,gaudia
398 2483 566 2559 praeparat
585 2477 789 2552 sublimiora,
824 2490 860 2539 ut
891 2477 1012 2538 sensim
1040 2473 1150 2536 omnia
1171 2465 1242 2540 ,ugare

260 2570 478 2644 crescuntque.
528 2556 676 2648 Apteque
699 2558 844 2647 profecto
880 2581 953 2646 spes
981 2561 1020 2624 de
1051 2549 1237 2642 genribnrrt

260 2644 405 2723 dissitis,
439 2665 514 2706 are
533 2647 708 2708 christiana
728 2647 860 2724 alienis,
892 2646 1085 2732 tandemque
1117 2637 1242 2720 frustrer

259 2726 461 2792 infestaturis
482 2723 602 2828 adjecta
623 2743 691 2807 esta
715 2753 797 2796 nam
814 2733 867 2794 his
891 2732 1019 2796 demum
1040 2727 1160 2792 ultimis
1174 2709 1249 2804 bestiti⁸

258 2816 392 2877 remotis
416 2815 501 2877 salus
522 2817 656 2878 emicare
677 2829 784 2902 petest
805 2839 928 2881 summa
957 2812 1169 2914 judiciumque
1188 2801 1253 2862 insutu

258 2900 299 2961 de
320 2901 479 2976 omnibus.
520 2896 615 2964 Adde
636 2903 722 2989 qued
747 2926 858 2966 ornnes
872 2907 1004 2967 omnino
1022 2891 1253 2968 rerum‘sututrttt

260 2986 419 3064 imagines
454 2985 520 3070 piis
552 2989 702 3050 solatium
734 2993 922 3076 praebentes
952 2992 988 3051 in
1019 2989 1194 3076 picturarum
1214 2975 1257 3026 seut

258 3071 357 3150 longa
377 3072 536 3134 cumulare
549 3062 634 3134 'libri
655 3069 752 3168 hujus
775 3077 851 3138 finis
873 3071 1004 3138 ferebat.
1048 3073 1112 3136 Nec
1131 3057 1257 3138 fflppar

258 3155 466 3232 tereundurn,
496 3179 630 3238 regnum
651 3159 713 3220 hec
734 3158 992 3225 Christianorum
1023 3167 1165 3226 terrestre
1185 3143 1258 3222 egferti

232 3295 235 3314 ‚
259 3263 379 3322 regne,
401 3239 487 3326 qnod
506 3244 584 3306 libri
605 3245 718 3328 scripti
738 3257 884 3332 tempore
902 3259 1060 3310 terrarum
1080 3248 1124 3306 im
1145 3231 1193 3297 erio
1208 3225 1258 3316 1³9⁰·

260 3339 331 3388 turn
354 3323 557 3390 Christianos
578 3333 732 3408 vexabat,
767 3331 914 3396 Romano
942 3332 1078 3418 opponi.
1124 3261 1210 3387 itanu
1222 3311 1258 3384 1Ρ53

258 3409 386 3509 justitia
408 3423 444 3472 ut
457 3411 612 3498 'Romane
634 3417 773 3502 irnperio
797 3415 896 3482 fracte
921 3415 1167 3480 Christianorum
1182 3399 1256 3493 &illm

260 3508 409 3583 sequatur
430 3499 594 3582 postulare
622 3501 773 3566 viderur?
802 3516 834 3566 et
863 3527 957 3589 quarn
986 3503 1084 3564 br'eve
1114 3483 1256 3557 ‘mentiartll

261 3579 465 3644 Christianos
488 3586 735 3673 vexationisque
757 3600 884 3674 tempus
905 3589 1053 3650 Romano
1085 3574 1200 3666 irnperio
1218 3571 1258 3617 cor

260 3688 386 3730 cessum
408 3679 458 3728 est
478 3670 544 3746 (13,
565 3676 616 3746 5),
640 3673 669 3735 si
690 3696 760 3736 cum
782 3697 881 3756 regno
904 3677 966 3737 hec
986 3669 1137 3738 milliario
1156 3653 1255 3732 compat

260 3755 332 3815 tur!
366 3750 460 3815 Haud
492 3755 621 3839 quidem
643 3759 830 3839 negandum
845 3771 924 3835 est,
953 3761 1044 3838 regni
1072 3754 1157 3836 hujus
1180 3735 1254 3872 Μθὶἰῐῖ

199 3869 205 3876 r
260 3839 424 3901 terrestris
446 3839 604 3920 imagines
625 3836 752 3907 facilius
774 3848 811 3908 ab
832 3845 1019 3906 hominibus
1041 3833 1216 3970 terrestritda
1226 3881 1247 3954 Μ

260 3927 413 4011 pentibus
435 3925 520 3987 male
542 3926 692 4010 intelligi
706 3941 739 3994 et
754 3931 875 4006 lascire
890 3928 1041 3994 exornari
1055 3936 1158 4016 pesse,
1175 3935 1184 3972 ¹
1214 3923 1226 3984 ‘l

331 4093 421 4152 1cor.
444 4099 487 4162 15,
504 4101 550 4156 22·
568 4101 611 4156 ts.
640 4095 708 4151 Luc.
727 4104 769 4162 rt,
790 4103 834 4159 rt·
850 4103 896 4160 15·
923 4097 1047 4160 1Thees·
1064 4103 1089 4162 s
1106 4097 1142 4155 16·
1156 4085 1195 4166 ¹¹9⁰
1207 4063 1252 4156 ,aa

331 4170 471 4274 quuttun
496 4167 556 4238 pior
573 4172 604 4222 tu
621 4168 726 4238 judicio
746 4175 877 4242 universo
895 4183 959 4226 aute
975 4173 1077 4240 impios
1093 4161 1231 4223 resuscitet
