2622 4862
136 417 139 424 .
168 357 233 429 De
256 355 432 429 scribendi
458 357 606 428 consilio
625 353 782 454 librique
803 377 1027 458 argumento.
1103 375 1129 452 5

52 544 103 608 lae
126 543 199 607 satis
214 532 449 605 demonstrant.
499 541 547 605 Ea
576 544 711 630 apostoli
739 555 776 607 nt
796 545 1042 615 consolabantur
1061 543 1138 619 mi-¹

58 669 157 728 seros,
177 647 222 711 ita
243 645 355 733 impiis
375 643 585 712 minabantur
611 652 645 727 (1
668 649 746 716 Cor.
769 657 825 726 16,
847 658 924 741 mg
956 653 1127 724 Christum

58 775 123 816 cnm
153 774 236 816 mox
265 773 329 838 pro
362 751 478 816 merito
507 752 659 818 omnibus
685 753 920 822 retributurum
948 772 987 825 et«
1006 759 1150 850 impios,
1245 817 1248 825 .

50 856 213 942 imprimis
245 857 437 942 puniturum
475 877 544 921 esse
573 860 679 944 quiris
709 871 855 947 putaret,
887 873 978 926 tanto
1007 865 1125 942 ardore

52 961 179 1026 Christi
211 975 379 1048 praecepta
410 972 544 1025 tenuere
561 1029 563 1038 ,
581 975 614 1028 ct
646 963 816 1028 contemtis
847 962 999 1034 humanis
1028 968 1125 1058 (Tac.

55 1066 145 1146 Anu.
164 1079 220 1147 15,
240 1071 297 1147 44)
317 1064 469 1130 omuibus
491 1076 587 1152 atque
608 1065 734 1134 caducis
764 1065 872 1132 futura
900 1069 1034 1135 meliora
1063 1073 1125 1138 soli

58 1173 160 1237 virtuti
187 1170 353 1234 studentes
381 1189 517 1255 sperare
542 1171 713 1253 solebant,
743 1182 780 1236 ut
811 1171 873 1236 nisl
901 1170 980 1236 haec
1008 1173 1122 1262 opinio

54 1276 109 1339 alte
135 1275 255 1341 animis
284 1294 400 1339 eorum
435 1271 539 1338 infixa
573 1271 704 1355 fuisset,
740 1297 907 1360 nunquam
941 1277 1126 1346 doctrinam

49 1379 257 1445 christianam
277 1391 342 1442 tam
363 1375 500 1443 mirifice
518 1379 693 1468 propagari
713 1390 746 1444 et
778 1379 952 1445 sustentari
974 1383 1126 1469 putuisse

47 1483 154 1548 credas
182 1489 232 1562 ι·).
267 1481 426 1570 'Cumque
447 1484 615 1570 persuasio¹
635 1483 714 1548 haec
733 1481 940 1568 iniquissimis
965 1482 1125 1551 Christia-

43 1611 165 1653 norum
187 1587 372 1674 primorum
394 1589 597 1676 temporibus
618 1585 801 1654 firmissima
821 1585 934 1651 fuisset
960 1597 994 1650 et
1013 1589 1122 1656 utilis-

44 1692 119 1758 sima
142 1696 201 1774 (ιιι
220 1713 350 1778 semper
364 1677 405 1758 in
421 1693 588 1776 maximis,
610 1715 689 1780 quas
712 1693 875 1758 immerito
895 1687 1050 1772 subimus,
1066 1713 1124 1758 ca-

45 1798 236 1865 lamitatibus
253 1797 434 1883 plurimum
465 1821 547 1886 opus
569 1811 618 1864 est
635 1794 735 1884 spei),
763 1807 876 1884 postea
900 1793 978 1859 inde
1007 1815 1025 1862 a
1054 1794 1123 1863 line
1190 1879 1192 1884 Α

52 1905 161 1967 saeculi
180 1899 318 1966 secundi
338 1913 372 1965 et
392 1901 480 1966 tertii
502 1924 576 1966 cum
602 1901 785 1968 laetioribus
819 1912 852 1966 et
877 1899 1049 1966 tutioribus
1073 1903 1124 1974 rei
1148 1889 1150 1894 ¹

58 2005 235 2069 christianae
265 2005 481 2070 incrementis
510 2028 645 2094 prorsus
664 2005 797 2070 evanuit
827 2005 881 2069 vel
909 2005 1124 2093 explicatione
1206 2021 1212 2042 ‘

57 2110 97 2190 (si
116 2133 188 2174 vera
209 2110 305 2174 lateri
326 2112 412 2192 licet)
434 2110 510 2176 falsa
531 2112 573 2176 ita
593 2113 766 2206 immutata
782 2121 839 2190 est,
860 2120 898 2173 ut
917 2111 984 2194 jam
998 2111 1123 2180 Christi

50 2215 222 2279 adrentum
251 2227 328 2301 post
353 2215 548 2280 immensam
580 2216 712 2282 demum
742 2225 775 2280 ct
804 2215 934 2304 nemini
958 2217 1122 2306 cognitam
1170 2280 1172 2289 ,

46 2325 224 2389 seculorum
246 2321 365 2408 seriem
386 2319 642 2416 exspectandum
664 2343 734 2392 esse
753 2330 916 2408 putarent.
944 2374 947 2381 ,

121 2530 198 2595 Hac
223 2527 330 2614 ¹,igitur
367 2503 546 2594 communi·
567 2539 755 2616 temporum
790 2527 927 2592 istorum
965 2525 1121 2612 opinione
1191 2556 1194 2562 ¹

46 2632 140 2696 utitur
166 2632 266 2695 etiam
295 2631 477 2704 felicissime
505 2645 618 2698 auctor
648 2632 995 2722 Apocalypscos,
1026 2634 1118 2714 cujus

48 2759 206 2801 summum
233 2750 461 2822 argumentum
479 2725 554 2800 'hoc
567 2749 632 2818 est,
660 2749 698 2802 ut
726 2735 1000 2800 Christianos
1032 2747 1118 2800 turn

54 2843 246 2928 temporis
271 2838 466 2904 maximis
489 2839 607 2904 malis
628 2862 858 2929 oppressos
889 2851 922 2906 et
942 2863 961 2906 a
981 2842 1121 2928 genti-

47 2945 145 3012 lium
175 2937 326 3008 furore
359 2939 485 3006 coeco
517 2957 695 3014 vexatos
733 2943 914 3008 adventu
947 2945 1119 3012 Christi

46 3049 233 3116 vindicis
255 3048 327 3136 pios
347 3041 606 3128 remunerantis,
637 3041 770 3135 impios,
791 3048 925 3133 gentiles
954 3049 1117 3137 imprimis

44 3156 200 3242 punientis
236 3153 382 3220 vivide
414 3149 692 3220 describendo
727 3154 981 3218 consoletur
1015 3165 1048 3218 ct
1073 3158 1146 3220 ne'

49 3276 126 3330 metu
146 3260 251 3328 fidem
273 3258 422 3324 deserant
442 3257 638 3333 adhortetur
657 3254 753 3325 minis
773 3255 943 3333 immixtis,
983 3259 1057 3325 Nec
1082 3259 1116 3324 id

80 3492 102 3555 1)
115 3491 308 3546 Utilissimam'
319 3483 413 3540 tamen
429 3468 501 3541 hanc
520 3467 574 3553 pro
589 3485 641 3537 illo
658 3493 781 3552 ternpore
800 3489 961 3552 opinionem
979 3483 1113 3539 facillime

105 3593 215 3634 errores
239 3563 394 3644 producere
419 3579 559 3643 potuisse,
586 3584 694 3642 praeter
722 3575 871 3632 historiam
898 3577 1113 3642 ecclesiasticam

105 3677 200 3740 ipsum
218 3670 274 3740 jam
292 3666 373 3720 docet
390 3667 425 3721 N·
444 3667 478 3720 T.
509 3661 583 3720 ¹Nam
600 3666 657 3722 alii,
675 3668 791 3732 praemii
808 3675 915 3718 tantum
933 3666 1112 3733 exspectandi
1140 3682 1142 3687 ’
1219 3673 1221 3676 ’

108 3760 255 3816 dulcedine
270 3757 362 3824 ducti,
385 3761 561 3826 impatienter
584 3755 704 3836 reditum
728 3753 923 3824 exspectabant
946 3752 1110 3816 1Thessal.

106 3859 135 3920 5
159 3849 397 3920 1.2Τ1ιοιι.2,
421 3857 437 3908 1
463 3865 538 3916 ι(1(1.;
562 3847 622 3904 ulii
635 3850 738 3904 scrius,
737 3845 906 3914 Apostolis
924 3847 1057 3904 mortuis,
1075 3843 1110 3896 de

105 3945 196 3998 reditu
214 3956 331 4010 prorsus
348 3935 523 4002 dubitabant,
547 3917 586 3991 ita
610 3947 642 3990 ιιι
658 3922 768 3990 sublato
786 3949 863 3990 metu
880 3936 999 3989 Messias
1016 3933 1111 3986 vindi

104 4039 143 4087 cis
161 4032 338 4086 adventantis
355 4032 487 4082 vitiorum
512 4043 542 4080 sc
560 4025 691 4080 dederent
708 4025 849 4089 foeditati3
873 4034 1006 4077 monstrat
1022 4021 1051 4074 id
1066 4021 1111 4073 al

106 4133 161 4175 tera
178 4121 258 4175 Petri
276 4117 409 4190 epistola,
426 4133 509 4191 quam
528 4129 646 4187 enaunte
664 4116 775 4188 dentum
794 4115 904 4174 saeculo
925 4117 1016 4182 primo
1035 4101 1109 4166 scti-

1 4259 2 4271 ,
104 4223 177 4281 ptam
197 4221 278 4281 puto
