2576 4864
496 115 502 142 Ι

204 297 232 416 Ι.ι
253 302 495 414 Prodemium.
556 321 783 438 Cup.2‚1.¹¹
882 319 914 338 Ν
947 353 1020 430 105

78 543 102 604 1.
121 529 234 616 Magno
265 515 344 617 puae
373 529 409 594 in
442 539 513 591 toto
547 529 631 591 libro
660 539 779 592 attente
807 525 1025 596 consideranti

22 618 136 700 :onspicue
162 627 206 678 est
233 637 294 678 ars
308 618 357 678 in
383 616 438 678 Iris
462 616 613 700 epistolis
634 626 850 682 consummata
870 619 1023 681 cernitur.
1117 671 1120 680 .

22 701 72 762 Nan
85 713 108 762 et
121 700 231 782 singule
251 721 392 788 quaeque
412 701 553 788 epistola
570 701 654 764 mira
673 702 818 765 sollertia
837 701 955 785 scripta
972 713 1025 766 est

22 795 39 844 rt
52 807 131 848 omnes
153 787 186 848 ad
211 785 299 850 idem
325 788 557 874 exemplariter
580 785 709 874 quidem
731 785 914 849 efformatae
937 801 1024 867 sunt,

22 879 37 930 rt
50 874 153 933 varietas
174 873 375 960 delectusque
403 873 542 952 insignis
571 883 606 932 et
621 874 719 957 ‘copia
742 875 912 934 verborum
933 873 1024 936 idea·-
1046 893 1047 898 ’
1088 943 1093 949 x

24 969 104 1040 umque
118 959 238 1038 largiter
260 959 390 1021 affluens
413 953 555 1055 ejusdem
577 977 704 1048 semper
726 953 849 1020 formae
867 961 1024 1044 repetitae
1082 964 1083 967 ’

22 1031 129 1118 fastidium
157 1043 240 1106 haud
275 1038 449 1140 injucunde
486 1055 683 1129 compenset.
750 1041 881 1107 Constat
917 1057 1024 1111 autem

22 1129 105 1206 quaeris
117 1130 244 1212 epistola
263 1139 412 1216 quotuor
428 1131 572 1216 partibus
591 1129 764 1192 similibus.
808 1133 841 1210 1)
857 1129 1025 1194 Salutandi
1095 1197 1097 1204 ,

22 1209 121 1274 abinitio
137 1212 272 1278 formula
292 1217 328 1277 in
349 1235 472 1302 quaque
493 1237 510 1277 e
534 1215 630 1290 istola
647 1214 761 1279 eodem
780 1215 877 1278 modo
899 1217 944 1278 ita
968 1217 1027 1280 ad-

22 1309 168 1376 ornatur,'ut
187 1313 264 1387 post
285 1291 364 1366 tuido
384 1303 472 1388 λέγει
493 1237 630 1362 tlesstae
652 1322 771 1363 nomen
792 1303 1026 1379 significantius

22 1379 77 1442 titud
93 1396 118 1446 ct
131 1389 256 1468 gravius
276 1396 369 1472 atque
389 1397 483 1472 poeta
504 1385 632 1469 digniu'e
646 1383 865 1470 praedicatis
882 1389 1027 1468 insigni-

22 1485 50 1524 us
72 1470 336 1550 circumscribatur,
382 1469 560 1558 praedicata
589 1481 694 1534 autem
722 1471 800 1532 haec
834 1472 870 1534 in
902 1495 1026 1618 poaque

22 1551 107 1630 pison
125 1557 244 1621 diversa
273 1577 316 1618 ex
331 1554 552 1642 descriptione
573 1568 723 1636 augustae
745 1557 881 1620 lllessiae
918 1581 1027 1624 ormae

22 1629 61 1696 il.
75 1647 224 1723 praemissa
245 1643 452 1706 desumuntur
469 1664 522 1717 ea,
544 1639 583 1701 ad
604 1663 683 1728 qcrae
705 1643 820 1706 deinde
841 1665 883 1706 ex
899 1646 1027 1728 episto-
1101 1650 1106 1660 ‘

23 1739 46 1780 ae
62 1743 217 1803 argumento
236 1733 318 1793 bene
340 1725 441 1790 allu'di
463 1728 578 1813 possit.
599 1735 672 1814 ,(2,
696 1742 726 1800 1.
746 1739 778 1797 8.
803 1739 852 1799 12.
876 1741 926 1800 18.
939 1739 975 1808 13,
995 1743 1026 1802 1.
1066 1799 1070 1805 ,

23 1813 36 1864 ¹·
50 1805 93 1892 tl.)
131 1817 162 1893 2)
178 1815 305 1878 Deinde
327 1812 367 1875 ad
389 1815 534 1894 singulae
556 1829 707 1904 cujusque
737 1815 888 1878 ecclesiae
910 1827 1028 1881 statum

23 1897 121 1976 trudens
133 1914 237 1964 auctor
251 1895 705 1987 praemissaformulaofduuoi
716 1905 749 1983 ἔρ
774 1927 794 1966 u
806 1926 877 1978 σου,
893 1905 1029 1989 quaesit
1117 1979 1120 1985 Ι

24 1985 211 2064 etnseouditio,
234 1985 313 2074 quid
332 1983 541 2064 laudandum,
572 1989 741 2073 tituperan
763 2009 834 2062 um,
862 1991 1030 2068 corrigen-
1071 2003 1075 2026 ¹

24 2053 69 2122 dan
78 2068 117 2147 sit,
146 2071 273 2138 diverse
293 2093 352 2156 pro
379 2071 517 2134 diversis
539 2088 691 2162 cujusque
714 2073 864 2136 ecclesiae
884 2075 1028 2136 moribus

23 2155 119 2231 sperit,
146 2171 177 2221 et
205 2157 335 2220 laudem
361 2156 490 2246 quidem
517 2155 693 2242 perfectam
714 2159 793 2220 duae
814 2169 937 2222 tantum
957 2181 1031 2222 me-

22 2244 122 2315 rintorp,
139 2255 168 2317 9.
188 2255 219 2321 3,
243 2256 283 2320 83
304 2243 503 2328 vituperium
524 2243 603 2307 duae
624 2254 655 2322 3,
681 2255 711 2313 1.
734 2253 774 2321 2.Ι
788 2246 910 2329 (paucis
931 2240 1030 2342 hujus

22 2329 86 2380 rocus
106 2328 283 2392 christianis
312 2329 459 2427 exceptis
480 2349 512 2390 v.
534 2326 586 2416 4.)
608 2339 638 2404 3,
662 2339 712 2398 15.
739 2330 776 2392 in
798 2332 898 2392 tribus
922 2343 1030 2395 autem
1103 2368 1108 2373 ·
1146 2341 1148 2346 ’

22 2407 104 2483 eterit,
121 2435 192 2498 quae
209 2412 307 2477 laude
328 2437 396 2475 non
415 2435 525 2474 mmus
546 2437 646 2500 quam-
659 2416 824 2500 vituperio
847 2415 961 2496 dignae
975 2419 1051 2501 vig

22 2479 134 2574 labantur,
151 2497 366 2564 describendis
389 2498 427 2561 ad
447 2497 540 2560 Pauli
558 2497 716 2586 Apostoli
737 2501 948 2586 epistolarum
970 2524 1034 2582 exv,

23 2576 95 2656 upln
122 2605 152 2648 se
181 2605 380 2672 componens
411 2583 539 2662 laudern
570 2586 753 2674 praemittit
785 2587 959 2674 mitemque
996 2610 1031 2651 se

23 2672 120 2736 ‘fututum
137 2683 263 2756 poterat
285 2673 415 2756 praebet
435 2679 466 2743 2,
488 2675 557 2740 2-4.
583 2679 830 2743 13-15.,19-21.
884 2681 919 2758 3)
943 2670 1033 2756 Qui-

24 2737 182 2820 lustretur
203 2757 366 2842 expositis
387 2753 426 2818 ad
447 2755 650 2818 hortationes
672 2777 845 2838 conversus
862 2761 981 2842 probos
999 2771 1032 2822 et

28 2821 117 2899 llosne
140 2863 279 2929 unquam
305 2839 397 2903 laude
419 2861 475 2902 sua
497 2841 645 2920 excidant
666 2841 817 2910 admonet
836 2855 868 2904 et
891 2847 1033 2931 praemia

26 2925 228 3009 coserspectare
259 2921 349 3024 jubet
374 2927 505 2998 merita:
534 2925 766 3012 vituperandos
789 2939 823 2988 ut
844 2927 882 2990 ad
904 2933 1034 2994 saniora

23 2995 103 3090 ttleant
121 3013 273 3097 instigat,
295 3015 470 3099 omnesque
492 3004 616 3076 Christi
635 3035 715 3075 mox
736 3011 876 3075 vindicis
896 3015 1053 3097 redeun-v

23 3085 51 3178 to·
65 3109 198 3162 memores
225 3119 298 3162 esse
331 3093 427 3192 jubet.
480 3100 519 3176 4)
539 3097 687 3185 Denique
717 3097 753 3160 in
773 3092 853 3182 fine
881 3094 1034 3196 cujusque

24 3178 129 3246 ellstolae
157 3195 265 3247 auctor
293 3183 412 3247 iterum
441 3179 481 3243 ad
507 3203 621 3246 omnes
648 3181 803 3246 omnium
829 3185 1035 3265 ecclesiarum

22 3247 161 3338 illltlitnos
186 3289 374 3346 conversus,
406 3263 483 3354 ‘pios
511 3279 637 3330 tantum
669 3279 701 3330 et
732 3265 830 3344 fidos,
872 3273 927 3357 qui
947 3294 1035 3335 nun-

22 3349 79 3416 pam
102 3374 136 3415 ne
162 3356 316 3418 maximis
337 3353 467 3442 quidem
486 3355 639 3440 periculis
660 3375 678 3416 a
697 3353 869 3416 christiana
890 3356 1036 3426 doctrina

22 3429 104 3518 {vocari
121 3461 151 3501 se
171 3445 351 3527 patiantur,
375 3441 516 3526 praemia
536 3439 705 3500 ista·vitae
729 3449 806 3524 post
825 3454 964 3504 mortem
983 3439 1036 3506 fe·

22 3527 65 3602 *ns
89 3517 213 3605 insignia
230 3527 398 3592 »relaturos
426 3545 497 3586 esse
526 3523 676 3600 affirmat,
711 3523 796 3586 unde
822 3527 859 3588 in
887 3531 1036 3592 omnibus

28 3601 125 3668 lllstolis
154 3604 170 3676 ὁ
202 3611 303 3678 donov
338 3611 495 3698 repetitur
528 3621 561 3671 et
590 3612 626 3672 in
655 3610 781 3689 singula
815 3633 937 3700 quaque
961 3637 1035 3699 pars

40 3685 127 3756 taedam
145 3692 304 3761 felicitatis
325 3709 401 3783 post
426 3708 563 3758 mortem
585 3697 660 3781 pios
681 3715 863 3772 mansurae,
877 3705 880 3708 “
895 3703 940 3762 ita
961 3703 1036 3786 qui-

24 3843 87 3919 li15·
104 3859 219 3945 plenius
237 3869 383 3955 'depictae
403 3868 670 3956 descriptionem,
693 3888 735 3929 ex
757 3889 818 3954 qua
835 3871 889 3930 hic
909 3871 1037 3948 singula

24 3918 98 4002 lausto
125 3964 204 4030 sunt,
238 3946 490 4035 cognoscendam
517 3965 744 4038 praeparentur
777 3965 810 4015 et
837 3956 1039 4034 allicianturt

22 4027 109 4116 2l¹³⁰lue
133 4041 312 4102 attentiores
336 4042 416 4101 stant
437 4041 575 4100 lectores
597 4049 629 4100 et
650 4039 793 4123 penitius
803 4083 816 4113 „
843 4032 941 4122 fidos
963 4051 1039 4103 tan-

26 4099 68 4166 lllt
81 4106 275 4202 felices'fore,
299 4126 415 4190 animis
435 4125 500 4188 suis
520 4125 672 4205 infigant,
696 4125 731 4186 in
753 4143 875 4209 quaque
897 4125 1039 4210 epistola
1123 4161 1128 4170 ·

40 3777 68 3825 tn
83 3787 111 3835 ut
127 3777 254 3847 lectores
274 3783 312 3845 ad
334 3787 492 3861 integram
514 3775 611 3878 hujus
632 3777 798 3844 felicitatis
819 3779 905 3846 infra
923 3797 973 3858 91,
998 3797 1036 3853 1-,
1127 3825 1130 3832 ·
1189 3801 1190 3811 ¹
