2546 4868
123 333 200 407 ,η
213 331 402 408 Visiones
434 329 495 405 ΠΙ.
518 301 553 417 3
583 319 756 432 (lap-'215'
783 353 816 420 1.
861 334 866 338 ⁸
941 351 1033 457 3307

15 543 45 584 m
60 530 156 584 ratam
173 517 288 584 berno
308 519 356 582 iri
369 531 588 606 speraverant.
630 519 691 586 cus
703 513 945 609 pulcherrimae
958 525 1030 609 spei

15 631 19 668 τ
38 607 160 668 uberius
179 603 406 670 describendae
425 617 518 672 vates
536 607 694 688 imagines
708 610 926 696 circumspicit
937 623 1030 696 aptas

13 695 145 778 filiusque
162 683 219 786 jam
237 695 413 778 prioribus
433 692 519 754 baud
540 693 734 772 incognitas.
775 691 918 762 Primum
938 697 1029 758 enim

12 780 72 840 ndi
93 767 181 868 hujus
198 779 283 842 novi
309 779 439 840 colores
461 797 512 842 ex·
521 776 706 862 paradisi,
746 782 872 866 qualem
894 780 1027 844 traditio

10 868 91 950 :iqua
115 861 184 928 Gen.
199 875 231 934 2.
253 862 456 950 descripsit,
488 865 631 942 imagine
660 862 782 950 depicti
807 878 900 944 sunt,
936 868 1028 953 quasi

10 975 15 1010 i
48 953 113 1034 ipsa
134 951 276 1034 postulet
305 961 346 1011 ut
374 949 512 1012 mundus
540 950 732 1024 ille-novus
759 953 894 1036 pulchra
915 954 1028 1014 aetatis
1052 949 1057 958 ’

9 1055 86 1112 reae,
109 1053 178 1122 quae
198 1053 217 1097 e
238 1033 379 1096 mundo.
394 1046 507 1100 nostro
529 1046 653 1096 rnature
676 1039 848 1101 evanuisse
870 1035 1028 1114 dolemus,

10 1122 90 1198 stigia
107 1121 211 1184 omnia
233 1115 363 1186 referat
386 1132 556 1208 servetque
573 1123 609 1184 in
629 1133 804 1186 aeternum.
847 1121 925 1186 Post
944 1125 1027 1186 hane

9 1205 69 1268 iude
85 1216 215 1268 aetatem
235 1208 338 1272 nulla
358 1207 488 1272 homini
508 1205 687 1270 israelitico
709 1205 848 1284 felicior,
869 1209 959 1272 nulla
973 1208 1027 1272 dci

8 1311 62 1352 rore
88 1291 268 1356 notabilior
308 1292 415 1370 videri
451 1304 577 1378 poterat
609 1311 704 1376 quarn
731 1295 904 1372 inueniam
942 1295 1027 1358 unde
1061 1297 1069 1312 ‘

8 1396 31 1435 sc
57 1377 123 1461 ipsa
153 1390 242 1441 aetas
278 1378 322 1440 in
351 1378 467 1444 mundi
496 1379 577 1440 novi
610 1379 811 1448 incunabulis
844 1381 889 1442 ita
922 1381 1026 1443 redire

8 1463 89 1536 itur,
116 1473 152 1524 ut
177 1460 238 1526 dei
269 1464 396 1528 iteruin
426 1463 643 1535 habitaculum
667 1485 850 1550 nutriceque
875 1477 1052 1548 praesens
1148 1532 1152 1544 ,

8 1559 46 1604 ter
71 1547 206 1614 homines
231 1563 398 1635 perpetuo
418 1561 565 1616 versetur
588 1569 700 1612 omnes
723 1569 762 1614 ue
785 1548 894 1612 sedai
916 1548 1028 1614 favore

29 1629 188 1696 lucebant
216 1637 395 1715 gaudeant.
450 1634 600 1721 Denique
613 1646 697 1780 Ipost
730 1633 952 1712 ‘molieram‚·
973 1637 1028 1724 qui

8 1715 190 1797 ierosolymae
217 1725 333 1784 multo
368 1741 462 1808 quarn
484 1722 582 1807 ,prius
629 1731 717 1782 uerat
740 1720 973 1804 splendidioris
995 1734 1029 1784 et

8 1799 117 1882 uplicris
134 1801 266 1870 suturae
291 1811 468 1887 imaginem
492 1807 683 1892 depinxerat
707 1829 736 1867 c.
753 1815 795 1874 40
817 1828 903 1892 sqq-s
937 1825 1029 1870 ³¹1¹ss-

9 1905 62 1946 ram
86 1883 141 1952 lere
168 1892 268 1956 deest
297 1889 395 1956 urbis
415 1901 563 1968 sanetae
584 1886 689 1954 forins
709 1892 1028 1977 augustioreprodi-

8 1989 56 2030 irae
69 1992 144 2058 spess
162 1972 263 2072 eujus
288 1980 396 2058 imago
415 1978 590 2052 sublimior
609 1999 681 2040 euru
701 1971 767 2070 jam
781 1997 867 2038 nunc
885 1979 921 2038 in
934 1980 1025 2042 coelo

9 2061 106 2122 sserrari
131 2076 306 2148 putaretur
331 2063 398 2144 ¹),
433 2062 698 2143 Hierosolymam
729 2063 812 2124 hanc
844 2063 1027 2142 coelestem,
1110 2085 1114 2094 ’

8 2151 126 2210 anctorum
153 2149 275 2214 sedem
303 2147 525 2237 praecipuam,
559 2152 596 2212 in
623 2147 743 2212 mundo
768 2149 827 2209 illo
850 2150 1025 2212 instaurato
1055 2151 1062 2162 ‘

9 2225 89 2292 >alitus
116 2234 150 2298 in
184 2248 313 2302 tetram
345 2237 521 2299 demissum
546 2235 590 2294 iri
620 2235 789 2320 sperabant
822 2236 960 2300 seriores
988 2236 1026 2298 h'i

8 2319 63 2374 ates,
104 2316 182 2382 Tale
207 2325 313 2404 igitur
335 2339 484 2406 regnum
505 2317 647 2384 coeleste
675 2332 707 2380 et
729 2323 858 2403 piorum
881 2323 1027 2384 onmium

10 2395 26 2452 fi
54 2410 224 2482 praesentia
272 2405 446 2491 rriundique
486 2417 520 2468 et
554 2407 642 2466 urbis
674 2419 800 2469 sanctae
833 2408 1027 2472 instauratae

14 2479 118 2550 lendore
148 2493 324 2558 beatorum
359 2495 495 2554 societas
524 2502 680 2576 perpetuo
713 2491 797 2552 laeta
833 2513 941 2554 nerine
973 2493 1027 2556 vel
1100 2487 1102 2506 '

12 2571 50 2642 issi
71 2576 218 2642 milliaris
242 2592 298 2658 20,
316 2584 411 2650 4-9.
440 2572 629 2640 felicitatem
648 2577 794 2638 tmulturu
814 2576 967 2662 superat?
996 2589 1029 2645 et

16 2671 62 2716 nne
81 2659 136 2723 hac
157 2665 328 2751 imprimis
351 2666 436 2731 vitae
464 2673 612 2726 aeternae
632 2663 698 2746 piis
726 2661 904 2726 destinatae
926 2666 1028 2726 beati-

11 2745 29 2794 le
44 2741 192 2814 uberrime
214 2764 250 2814 et
272 2751 477 2814 ornatissime
497 2747 702 2812 describenda
720 2761 810 2810 vates
827 2749 947 2810 librum
962 2753 1028 2812 rui·
1049 2816 1058 2833 ,

11 2821 43 2916 tls
69 2837 191 2898 coaevis
224 2836 386 2909 selandia,
419 2833 607 2910 hortandis,
623 2833 802 2912 ,erigendis
833 2832 1027 2898 destinatum

9 2915 115 2980 tissime
136 2921 326 2988 concludit?
359 2919 423 2983 Nec
445 2921 511 2982 nisi
532 2920 598 3004 piis
618 2921 798 2982 constantia
818 2913 898 2988 forti
920 2921 1027 2984 virtu-

10 3007 83 3077 tisque
107 3003 224 3072 decore
256 3007 440 3086 insignibus
492 3006 607 3068 raemia
634 3009 721 3068 tanta
748 3017 781 3070 et
810 3004 1027 3077 tamdeside-

11 3075 56 3141 uda
72 3087 189 3156 instare
211 3093 404 3158 idemtidem
426 3027 538 3154 sedulo
560 3101 709 3161 monetur
731 3111 764 3152 v.
783 3100 879 3160 5-8.
897 3096 951 3161 27.

47 3215 83 3283 V·
100 3237 128 3298 1.
169 3230 277 3297 Vates
304 3229 525 3294 Hebraeorum
545 3223 682 3314 'antiqui
712 3227 940 3311 terramflhanc
969 3225 1028 3290 in-

10 3297 111 3384 lsstrcri
139 3325 267 3383 tantum
296 3327 411 3402 putant
441 3314 572 3378 mutatis
602 3335 682 3400 quae
710 3315 802 3376 nunc'
825 3314 872 3374 ibi
894 3315 1028 3400 conspi-

10 3393 82 3452 ¹¹¹¹¹ltr
101 3393 148 3482 (ut
170 3405 237 3470 Jes.
259 3415 309 3479 11,
331 3411 352 3472 5
372 3397 475 3490 sqq.);
507 3403 646 3464 seriores
669 3419 757 3476 eam,
787 3407 824 3458 ut
846 3398 961 3488 ordini
975 3421 1029 3462 re-

10 3481 42 3526 ¹¹¹¹¹
62 3484 183 3552 meliori
211 3491 303 3554 locus
333 3491 404 3564 fiat,
443 3507 507 3548 una
534 3488 606 3548 c'um
632 3486 729 3546 ‘coelo
767 3494 870 3547 totam
903 3485 1028 3548 absumi

11 3557 135 3654 {utileque
157 3598 246 3640 novo
269 3563 534 3654 cedere‘fingunt.
578 3569 676 3652 Quod
698 3569 859 3657 quomodo
876 3571 948 3632 fieri
970 3591 1027 3632 co-

13 3643 72 3705 dant
89 3669 184 3738 vates,
204 3673 312 3724 utrum
333 3661 409 3740 igne
430 3657 586 3722 mundum
607 3667 763 3741 purgante
775 3655 874 3718 simul
887 3668 920 3718 et
931 3658 1027 3716 absu-

11 3737 77 3810 “llles
87 3737 119 3803 id
141 3746 225 3833 quod
241 3737 521 3810 auctoril'etrinae
535 3742 692 3830 episl⁰lde
707 3740 862 3804 secundae
880 3743 1027 3821 (317·13·

22 3887 44 3957 1)
56 3900 85 3984 Ps-
100 3923 179 4036 81311
195 3933 223 3986 P·
235 3927 281 3981 11·
311 3915 433 3972 Eandem
450 3913 664 3980 Hierosolymae
683 3913 811 3966 coelestis
831 3927 879 3964 seu
898 3914 1028 3975 superio-
1081 3957 1084 3965 ,

47 3983 76 4022 ‘¹³
98 3995 114 4030 ¹²
156 4005 236 4041 ouem
264 3993 363 4043 ceteris
388 3994 471 4040 etiam
496 3987 529 4038 N.
549 3987 583 4038 T.
608 3983 789 4050 scriptoribus
810 3985 948 4050 cognitam
967 3995 1028 4032 esse

48 4055 75 4094 θ’(
95 4049 173 4112 Hebe
195 4070 301 4125 11,110·
320 4067 363 4122 ss·
387 4069 432 4123 12,
448 4067 494 4118 22·
522 4065 566 4118 132
585 4063 629 4115 11.
654 4057 716 4110 ea.
734 4057 759 4118 a,
777 4059 821 4113 is.
843 4063 965 4118 assaret·
991 4077 1028 4092 -
1093 4105 1097 4113 ,

47 4106 153 4180 Plelurae
179 4133 213 4186 de
239 4133 322 4186 rebus
352 4132 494 4187 beatorum
518 4131 621 4180 laturis
646 4129 800 4180 siruilliiuas
819 4121 901 4176 habet
920 4123 1029 4176 Enoch.

52 4189 84 4252 10.
98 4200 204 4266 aas
222 4209 270 4272 11,
283 4211 327 4266 10.
344 4209 389 4270 ss
406 4207 433 4264 s.
450 4207 478 4263 r·
496 4207 540 4266 το,
557 4205 673 4262 19-11.
693 4201 930 4341 φθῆ-11113,
949 4198 1030 4280 1-1.

783 4310 832 4377 90
1017 4309 1020 4317 ’
