2576 4864
218 344 245 416 1.
271 344 513 418 Prooemium.
566 343 652 438 Cap
671 353 708 434 3,
732 353 790 426 14,
971 362 1044 432 131

13 533 60 597 iere
73 523 151 628 jubet
172 525 240 593 coli
256 541 286 608 9,
308 540 339 602 1.
360 532 392 606 4,
415 531 538 602 13.14.
582 523 682 590 Paulo
704 527 809 592 sarius
831 528 1045 599 cumJohan-

13 639 48 682 us
61 617 216 703 epistolam
235 617 318 680 hanc
340 615 510 690 scribebat,
545 611 741 689 Christiani,
775 612 904 704 divitiis
925 623 1040 702 procui

13 703 88 778 lubio,
106 703 217 788 quihus
238 703 349 764 urbem
370 701 453 763 hanc
475 699 557 762 olim
577 710 707 762 tenuem
725 712 794 762 tum
810 705 967 786 temporis
986 727 1041 768 ce·

13 791 215 867 cuteclauctarn
235 808 307 850 esse
325 786 424 848 tradit
441 785 609 854 Strab.12.
629 807 663 869 p.
673 791 748 856 866.
771 779 812 847 cf.
828 798 940 863 v.17.,
960 789 1041 856 elati

13 872 131 934 tsecuri
163 868 242 934 sacti
270 873 306 935 in
335 870 517 934 socordiam
531 869 668 954 *delapsi
698 889 769 932 esse
797 869 969 950 videntur,
1002 889 1040 939 ut

13 979 141 1042 perquam
159 959 256 1020 vitiis
275 953 381 1020 foedis
397 977 465 1022 non
476 955 639 1042 inquinati
654 975 757 1042 neque
775 976 792 1018 a
807 969 893 1019 recto
909 961 1038 1026 tramite

13 1043 195 1106 esscessisse
225 1041 408 1117 credentes,
450 1053 585 1105 strenuo
615 1051 723 1104 tamen
746 1041 904 1114 virtutum
926 1046 1036 1110 studio

13 1127 89 1190 rruiuo
116 1151 133 1192 a
165 1149 245 1194 vere
275 1128 472 1192 christianae
494 1127 581 1188 vitae
600 1125 695 1188 laude
716 1125 855 1191 multum
874 1131 1036 1196 abessent.
1128 1173 1135 1177 -

13 1209 65 1274 tude
89 1215 263 1299 praemisso
293 1214 388 1276 vitae'
402 1211 516 1274 dubiae
537 1209 702 1297 vituperio
723 1213 816 1290 gravi
841 1211 880 1276 ad
900 1209 1039 1282 meliora¹
1079 1293 1082 1304 .

13 1289 109 1362 ructatur
131 1299 319 1382 iohannem
348 1319 457 1362 amore
476 1295 700 1378 tantummodo
720 1293 848 1379 ductum
872 1320 907 1362 se
928 1324 1037 1367 morea

13 1391 56 1444 uos
77 1383 249 1472 corripere,
277 1405 335 1446 nec
371 1384 438 1446 nisi
461 1383 586 1468 pietate
613 1393 646 1443 et
665 1384 852 1446 ‘constantia
872 1385 1037 1467 insignem

13 1469 103 1530 uaeruia
141 1470 345 1556 resperitatis
367 1465 491 1546 futurae
512 1477 748 1552 reportaturum
769 1489 849 1531 esse.
880 1462 927 1536 ‘O
940 1465 1036 1558 ἀμήν

13 1493 140 1644 rip-365
159 1556 253 1619 idem
276 1547 294 1621 ὁ
313 1545 445 1640 μάρτυς
466 1545 485 1618 ὁ
506 1543 624 1625 πιστός
645 1573 679 1613 v.
704 1563 738 1634 1,·
754 1563 787 1622 5.
836 1551 928 1636 Quid
948 1559 993 1619 sit
1011 1551 1035 1644 ἦ

13 1629 58 1724 oya}
72 1640 120 1724 τῆς
136 1641 276 1713 κτίσεως
295 1639 356 1706 τοῦ
374 1637 461 1706 aaut
479 1636 653 1701 admodum
670 1635 850 1724 disceptant
870 1641 1035 1728 interpre-

13 1707 43 1798 te,
67 1745 235 1815 quanquam
267 1745 347 1811 quae
367 1725 436 1788 sola
460 1725 558 1786 statui
578 1721 683 1810 possit
705 1724 898 1812 explicatio,
936 1723 1033 1810 facile

13 1822 101 1891 pparet.
140 1808 173 1898 1)
197 1807 262 1898 qui
270 1807 410 1895 primus
431 1806 470 1870 in
486 1806 598 1871 vitam
618 1804 744 1884 rediit3
765 1809 821 1872 sed
843 1811 890 1873 ita
910 1812 945 1878 ἐκ
965 1813 1033 1890 τῶν

13 1893 83 1975 raptu
101 1909 127 1974 1,
148 1907 181 1968 5.
202 1895 260 1960 vel
289 1895 396 1956 simile
415 1891 497 1980 ,quid
518 1891 698 1956 addendum
717 1905 796 1956 erat.
851 1892 887 1980 2)
908 1889 1033 1976 Wetst.

13 1978 87 2040 utut:
105 1981 249 2068 primus
263 2035 264 2044 ,
280 1977 304 2040 i.
327 1999 356 2041 e.
378 1986 494 2064 caput
522 1974 684 2040 ecclesiae
705 1975 920 2044 christianae
927 2003 940 2060 ,·
974 1983 1031 2050 sed

13 2077 132 2149 {tanquan
152 2065 302 2132 doctrina
323 2063 497 2126 christiana
518 2053 638 2145 καινὴν
653 2061 762 2128 κτίσιν
775 2086 803 2126 s.
818 2065 919 2130 vitam
932 2090 1031 2153 prur-

13 2162 40 2207 tu
57 2145 224 2217 norah'et
252 2149 410 2214 vitiorum
441 2158 608 2234 expertem
643 2145 767 2210 efficere
800 2171 1032 2240 nonnunquam
1120 2177 1141 2190 1'

13 2223 81 2295 licitur
97 2235 215 2315 Gal.‚6,
240 2245 292 2308 15.
312 2231 416 2304 acor.
438 2241 469 2309 5,
492 2243 559 2309 17„
582 2242 689 2294 tarnem
713 2225 908 2330 adjectivum
928 2233 1047 2324 καινὴ.

13 2313 199 2386 tienecessario
223 2319 403 2384 addendum
423 2313 525 2382 fuisse
544 2325 602 2403 per'
624 2339 660 2380 se
678 2329 778 2402 patet.
819 2315 855 2406 3)
875 2319 1033 2406 prtia-um
1094 2402 1098 2408 .

14 2423 52 2463 ιε.
71 2415 181 2471 auctor
211 2402 401 2471 creationis
428 2401 502 2479 dei,
549 2401 604 2489 qui
638 2401 794 2466 mundum
827 2405 948 2468 creavit
983 2405 1044 2496 (v.x

13 2479 148 2555 itaaudlinii
166 2491 344 2556 introduct.
362 2489 398 2551 in
414 2488 452 2550 Ν.
463 2486 504 2550 Τ.
524 2507 607 2550 mor.
625 2481 773 2574 p.251.)3
789 2501 910 2554 temere
923 2489 1032 2560 tamen

13 2555 71 2658 iupis
93 2587 269 2651 auctorem
298 2575 481 2654 significare
509 2572 656 2636 sumitur.
717 2577 759 2651 4)
792 2578 890 2658 uerba
921 2571 1031 2642 serunt

13 2651 106 2722 thasiam
121 2661 281 2746 primum
302 2681 325 2724 o
344 2656 405 2722 deo
426 2666 583 2720 creatum
605 2677 704 2742 eaque
724 2661 816 2722 notio
847 2682 890 2724 ex
909 2659 1030 2726 Judae·
1081 2669 1083 2674 “

13 2755 64 2802 uun
76 2748 149 2808 circa
169 2745 295 2809 Christi
314 2757 459 2838 tempora
481 2741 628 2824 dogmate
651 2743 738 2804 haud
758 2744 853 2807 dubie
877 2767 955 2810 vera
975 2743 1029 2845 ju-

14 2815 89 2892 diruta
114 2833 171 2894 est:
227 2825 361 2914 Angelr
388 2847 523 2912 nempe,
555 2838 725 2912 postquam
756 2829 929 2894 adudaeis
951 2839 1029 2918 post
1116 2905 1119 2908 ,
1160 2844 1163 2850 “

13 2909 94 2978 aritium
122 2937 191 2980 non
225 2908 503 2978 manifestationes
530 2917 656 2975 'tanturn
682 2913 815 2977 divinae
840 2929 972 2980 naturae
992 2920 1052 2984 in-

13 2997 67 3073 terra,
92 3003 144 3064 sed
166 3001 327 3088 personae
346 2998 450 3062 habiti
477 3009 552 3060 sunt
573 2997 738 3060 affectibus
760 3000 911 3064 humanis
932 3025 1029 3088 prae-

13 3071 69 3156 tue,
96 3100 243 3174 tempore
276 3083 414 3170 quodam
448 3084 546 3145 etiam
580 3079 691 3146 creati
725 3086 888 3165 cogitandi
916 3101 1029 3166 erant3

13 3173 46 3224 uta
61 3191 92 3232 ue
110 3185 158 3247 est
178 3174 266 3234 inter
285 3179 404 3232 ceteras
425 3169 549 3253 opinio,
571 3187 627 3229 eos
646 3177 701 3228 aut
721 3169 869 3250 secundo
890 3177 1030 3241 creatiod

13 3188 88 3316 trita
106 3280 174 3320 cum
196 3257 310 3331 coelo,
331 3265 385 3316 aut
402 3243 484 3339 'quam
508 3253 562 3316 vel
583 3248 783 3338 frequentior
807 3259 967 3321 sententia
988 3281 1031 3324 ex

13 3310 47 3394 it.
69 3351 113 3419 38,
131 3353 162 3414 7.
188 3341 315 3404 hauriri
342 3349 490 3426 poterat,
524 3345 607 3400 unte
636 3335 793 3401 muudum
832 3343 939 3426 primo
977 3345 1031 3416 die

13 3415 84 3494 tentos
110 3449 191 3504 esse,
226 3427 340 3512 quibus
373 3423 489 3489 deiude
516 3421 594 3484 deus
615 3422 655 3502 ad
676 3424 822 3504 singulas
841 3427 954 3490 ruundi
978 3452 1030 3492 res

13 3507 109 3572 erudas
128 3535 202 3578 usus
233 3513 276 3573 sit
297 3505 338 3575 tf.
360 3507 483 3570 Fabric.
511 3507 580 3569 cod.
601 3529 652 3593 ps.
674 3507 719 3572 V.
737 3507 777 3572 Τ.
799 3531 832 3596 pt
846 3520 921 3582 851·
971 3513 1031 3578 Ei*
1069 3523 1093 3588 J

13 3593 125 3675 homeng.
145 3599 301 3662 Judaism.
324 3593 364 3656 T.
375 3592 417 3656 ΙΙ.
440 3617 473 3679 p.
489 3601 553 3662 370
567 3613 614 3678 sq.
657 3592 778 3657 Suicer.
801 3595 885 3659 thes.
907 3601 983 3661 eccl.
999 3599 1037 3662 -I.

13 3675 67 3750 idi·
86 3679 228 3746 Messias
255 3683 374 3763 igitur,
406 3678 529 3760 angelis
544 3677 652 3740 multo
676 3681 822 3764 superior
851 3677 1033 3769 (v.ad19,

13 3761 36 3822 li·
54 3761 147 3831 1Petr.
170 3781 198 3845 1,
222 3773 312 3848 12),
346 3766 429 3827 sicut
457 3785 570 3826 ornnes
603 3762 760 3842 dignitate
793 3767 935 3843 excedit,
970 3769 1032 3832 deo
1104 3846 1107 3856 Ι

13 3849 144 3928 ttoximus,
182 3855 228 3915 ita
256 3852 401 3914 omnium
434 3851 559 3934 primus
588 3858 661 3909 ante
688 3847 844 3912 anundum
866 3853 1034 3937 conditum
1114 3883 1118 3900 ·

13 3925 51 4010 hl,
68 3938 141 4020 quod
160 3939 195 4002 in
214 3939 327 4020 lingua
348 3937 475 4016 vulgari
496 3933 583 3996 idem
605 3944 669 4008 est,
700 3936 737 3998 ab
759 3950 888 4000 aeterno
908 3949 1032 4002 creatus

13 4015 134 4099 tutatur,
170 4045 263 4112 quam
299 4022 489 4107 opinionem
523 4040 591 4081 non
630 4013 870 4104 Apostolorum
906 4033 1034 4089 tantum

13 4103 75 4182 tuate
92 4119 120 4169 et
136 4113 235 4172 serius
256 4107 394 4172 iudaeos
417 4102 542 4168 fovisse
564 4097 605 4166 cf.¹
615 4099 820 4186 Eiseumeng.
837 4103 991 4174 Judaism.
1004 4106 1047 4186 13,

13 4199 17 4318 p
796 4213 897 4308 9⁹⁶.

13 4335 15 4462 t
