2622 4862
264 287 313 388 26
365 307 527 401 Expend.
546 329 619 376 var.
639 308 684 375 de
703 303 839 402 argum.
856 319 891 376 et
907 311 1059 400 integrit.
1074 299 1273 400 libri'opinion

263 490 378 576 quibus
414 513 534 576 poenas
569 491 752 567 minantur,
793 501 876 555 tecte
889 555 893 570 ,
906 489 1036 575 quidem
1067 500 1097 552 at
1123 488 1271 574 prudentiori

182 659 186 666 .
264 610 334 660 tum
356 598 441 660 inter
468 593 605 681 ludaeos
630 596 684 658 vel
705 594 907 660 Christianos
936 595 1050 660 lectori
1067 589 1135 657 satis
1154 591 1272 680 perspiut

264 703 432 778 denotant,
468 693 628 762 vindictae
649 711 778 786 tempus
798 721 905 786 prope
925 701 1046 764 instare
1065 699 1161 764 solatii
1180 717 1250 760 causa
1262 705 1278 755 t

263 797 306 872 ex
338 804 477 890 justitiae
513 802 641 866 didinae
674 805 883 890 augurationes
915 803 1092 885 affirmant,
1126 801 1223 866 fotura
1244 799 1280 885 pis

209 891 230 984 ’,
262 907 420 996 speranda
442 905 554 991 impiis
575 905 754 973 'metuenda
782 909 895 974 eodem
915 933 1063 998 prorsus
1090 906 1181 970 modo
1205 903 1235 969 ad
1250 925 1281 964 an

261 1015 389 1080 diversa
415 1024 564 1096 tempora
592 1011 852 1102 applicantansic
881 1013 1099 1105 Apocalypsis
1123 1010 1198 1075 haud
1214 1007 1298 1071 dubie

260 1129 298 1183 ut
324 1119 359 1182 in
387 1116 606 1182 omnibus-est
634 1116 682 1182 his
708 1117 886 1200 simillima,
923 1121 1032 1186 hostes
1054 1111 1283 1205 impiosauotorit

258 1240 408 1310 tempore
428 1221 499 1311 pios
522 1220 709 1286 infestantes
732 1221 885 1310 indigitat.
1128 1212 1130 1214 ¹

345 1451 389 1516 Et
413 1451 532 1530 nostris
547 1435 688 1535 ¹quidem
717 1449 919 1538 temporibus
945 1447 1149 1536 qui''h0rum
1161 1501 1166 1524 ,
1179 1441 1285 1508 omnim

161 1543 164 1548 ’
259 1554 373 1620 oblitus
400 1571 563 1619 auctorem
588 1553 736 1646 ltostesfa
759 1579 817 1620 suo
847 1569 997 1644 tempore
1026 1551 1239 1621 remotissimos
1253 1545 1286 1608 iu·

165 1650 170 1658 “
260 1672 416 1726 sectatum
453 1681 521 1722 esse
549 1659 609 1723 sibi
639 1648 844 1745 persuadeat,
876 1665 962 1727 inter
990 1663 1084 1726 viros
1101 1655 1187 1734 svera
1211 1651 1283 1715 docto

258 1779 288 1829 et
312 1765 459 1828 cordatos
481 1765 607 1830 nullum
628 1763 767 1845 inveni‚'
790 1768 852 1831 uisi
874 1767 958 1853 quod
985 1769 1020 1833 S.
1041 1768 1089 1832 V.
1113 1747 1280 1830 Steudetl

254 1869 475 1934 recentissime
505 1853 642 1935 similem
671 1853 972 1960 interpretationem
1001 1867 1179 1958 proposuit.
1224 1861 1285 1925 Pulli

255 1961 299 2052 is,
328 1989 409 2058 opos
430 1973 494 2037 hoc
517 1976 824 2064 monstrarerelle,
857 1978 964 2062 quales
978 1976 1139 2066 rfortunae
1160 1988 1233 2035 casus
1248 1980 1285 2046 ptl'

255 2075 363 2172 uarias
391 2096 504 2142 rerum
536 2075 772 2146 vicissitudines
803 2082 978 2146 immensas
1011 2079 1181 2146 christiana
1206 2066 1287 2150 religio

253 2193 448 2266 expertura,
467 2227 475 2238 ι.
489 2195 522 2248 et
552 2187 714 2270 quomodo
754 2177 832 2250 olim
869 2205 983 2246 omnes
1016 2181 1203 2248 aduersarios
1231 2187 1287 2232 SUOS

200 2313 216 2360 χ
256 2298 455 2374 superatura,
469 2288 519 2351 sit.
569 2288 631 2352 Cui
653 2301 763 2368 tamen
776 2277 822 2352 'de
842 2300 1036 2374 argumento
1062 2289 1135 2354 libri
1156 2270 1288 2364 sententiae

254 2391 395 2476 'plurium
423 2391 561 2456 obstant.
618 2393 707 2459 Nam
736 2393 776 2457 ita
809 2393 1113 2478 interpretationem
1147 2379 1287 2455 historicam

253 2516 310 2557 seu
334 2491 487 2580 eam'qua
509 2509 620 2561 auctor
643 2519 660 2562 a
682 2497 796 2584 primis
818 2498 991 2564 lectoribus
1014 2463 1301 2566 tib1·umsuumi11·i

253 2599 351 2686 telligi
388 2601 509 2680 voluit,
538 2621 673 2686 prorsus
709 2601 906 2687 negligentes
948 2601 988 2666 ad
1020 2593 1133 2694 fictam
1149 2587 1283 2686 'quandam

166 2689 176 2743 Ϊ
253 2705 427 2790 mysticam
466 2717 498 2768 et
533 2705 735 2790 allegoricam
773 2701 988 2794 confugimus.
1053 2703 1157 2776 Unde
1192 2691 1286 2765 tandem

252 2821 392 2890 constat,
423 2822 589 2874 auctorem
619 2805 659 2869 de
688 2807 949 2888 Christianorum
965 2825 1054 2898 post
1082 2815 1175 2900 plura
1201 2791 1289 2868 saecula

251 2914 347 2978 rebus
370 2915 480 3000 loqui?
521 2915 645 2977 Nonne
668 2911 844 2998 impiorum
864 2914 1015 2981 ¹onmium
1036 2937 1159 3003 poenas
1182 2913 1301 2994 etevffl

201 3021 203 3028 ’
232 3019 390 3097 sionem,
423 3017 556 3106 piorum
586 3011 721 3080 salutem
756 3019 981 3084 inconcussam
1014 3021 1169 3108 proxime
1203 3013 1293 3112 instart

249 3119 437 3186 idemtidem
473 3119 639 3185 testatur?
702 3121 945 3207 Negabimosne
983 3124 1184 3190 Christianos
1222 3103 1293 3214 secoli

248 3224 347 3316 primi
368 3225 527 3312 plurimos
545 3247 621 3314 cum
640 3223 807 3310 Apostolis
820 3227 1021 3316 principibus
1041 3230 1182 3294 reditum
1201 3209 1293 3283 chriso

249 3329 441 3414 proximum
471 3341 504 3395 et
534 3329 629 3415 regni
649 3331 967 3413 melioris'(milliarii
988 3337 1170 3400 secundum
1189 3327 1293 3409 Apoca-

172 3485 176 3492 .
247 3431 360 3517 lypsin
390 3435 480 3512 c.20)
508 3433 773 3498 instaurationem
805 3421 1029 3525 exspectasse?
1070 3443 1194 3506 Nonne
1221 3423 1294 3512 igilffl'

248 3537 356 3599 ornnia
382 3559 483 3622 usque
513 3539 551 3602 ad
581 3539 766 3605 milliarium
795 3540 859 3604 hoo
886 3564 1028 3628 propere
1060 3553 1215 3608 eventura
1235 3543 1293 3610 ⁵11⁶*

249 3638 333 3702 ΓΜ
360 3640 496 3706 auclor?
536 3645 610 3712 Nec
640 3645 749 3710 minor
781 3647 816 3710 in
842 3647 974 3732 singulis
1003 3645 1182 3714 difficultas.
1226 3632 1294 3702 Nam

285 3880 314 3944 1)
338 3877 428 3934 treber
458 3881 502 3936 die
533 3885 651 3958 richtige
677 3869 911 3956 'Auffassuogsart
943 3889 993 3940 der
1019 3888 1198 3960 Apokalypoe
1229 3882 1255 3928 in
1268 3863 1291 3949 ¹l·

319 3967 488 4038 nengem
505 3972 611 4028 Archiv
628 3977 674 4029 rtet
693 3977 738 4030 are
757 3976 914 4045 Theologte
939 3977 1059 4032 nuno
1076 3975 1254 4048 paea-ato
1274 3959 1294 4006 1¹¹

318 4059 413 4112 multis
432 4059 508 4114 haud
525 4061 659 4117 absimilis
678 4077 736 4119 erat
754 4069 888 4118 sententia
907 4051 1044 4119 Slorrii
1067 4087 1096 4124 n.
1115 4060 1245 4136 apologie
1260 4045 1295 4098 ἅθ’

242 4215 245 4225 Ι
318 4147 429 4206 Offenb.
455 4167 482 4220 p.
492 4159 547 4214 278
566 4169 625 4222 sqq.
