2622 4862
194 359 262 460 ,De
285 360 404 430 forma
429 361 510 430 libri
538 362 965 458 epistolica-symbolica,
1092 379 1123 457 9

40 543 172 630 ginibus
203 556 251 633 et¹
268 545 369 632 signis
403 557 728 633 repraesententur3.
750 560 784 614 et
811 549 936 614 etiamsi
964 571 1016 614 res
1051 550 1118 632 jam

45 660 168 732 praesto
181 649 222 715 sit
242 651 294 712 rel
305 661 474 729 transacta,
495 663 543 714 est
562 661 683 714 tamem
698 650 791 736 signo
805 665 929 742 tantum
945 654 1120 738 innuenda,

48 773 84 814 ne
96 765 180 817 totus
191 763 308 838 pereat
318 753 472 817 orationis
482 756 624 840 poeticae
641 767 673 821 et
692 738 901 843 propheticae
912 768 1014 822 tenor.
1037 758 1119 826 ¹Cui

42 859 175 923 accessit
203 857 296 923 aliud.
354 859 443 938 Nam
467 859 575 922 hostes
594 860 757 944 imprimis
785 881 865 946 quos
881 885 909 946 'a
936 861 996 926 deo
1016 865 1118 950 puni·
1167 864 1173 873 ’

41 972 116 1026 tum
133 963 177 1026 iri
190 963 370 1040 minantur,
389 985 556 1048 nunquam
578 963 704 1028 disertis
723 963 833 1029 verbis
851 965 1040 1047 nominant,
1059 968 1117 1033 sed

45 1065 140 1129 vario
152 1066 247 1128 modo
257 1078 343 1131 tecte
363 1067 406 1130 ita
427 1047 611 1154 indigitant,
634 1079 669 1132 ut
689 1069 858 1154 peritiores
876 1083 988 1138 tamen
1006 1075 1119 1142 coaevi

51 1166 136 1234 facile
161 1171 234 1255 quis
261 1173 418 1235 innuatur
440 1170 590 1256 detegere
610 1172 739 1254 queant.
791 1173 884 1260 Quae
906 1177 1038 1262 quidem
1064 1193 1118 1244 reb

50 1296 116 1338 curn
146 1275 231 1342 libro
254 1275 397 1338 Danielis
425 1276 509 1340 circa
535 1275 680 1340 medium
706 1278 851 1342 seculum
880 1280 1059 1346 secundum
1090 1303 1126 1370 a,
1193 1357 1198 1370 ι

44 1378 99 1444 Cb.
131 1381 278 1467 scripte,
311 1381 394 1446 libro
423 1381 590 1446 Henochi
605 1381 689 1446 circa
724 1381 846 1447 Christi
873 1384 939 1448 nati
970 1397 1119 1472 tempora

41 1485 119 1550 edito
142 1493 195 1566 ¹),
218 1485 421 1574 Apocalypsi
439 1487 594 1554 iohannis
615 1501 648 1552 et
669 1502 782 1574 quarto
798 1487 859 1574 qui
879 1487 996 1553 dicitur
1016 1489 1120 1557 Esrae

39 1591 116 1655 libro
143 1591 182 1678 2)
208 1593 389 1656 communis
408 1591 466 1671 sit',
493 1613 535 1656 ex
565 1606 752 1680 temporum
783 1594 913 1660 illorum
934 1595 1120 1664 conditione

41 1697 234 1784 explicanda
256 1697 402 1764 videtur.'
435 1697 562 1762 Scilicet
582 1721 658 1763 cum
676 1710 767 1762 vates
786 1699 820 1763 hi
842 1719 977 1764 coaevos
994 1702 1121 1788 ingenti
1156 1705 1159 1708 ’

43 1805 260 1868 calamitatum
281 1823 382 1866 onere
402 1801 571 1888 depressos
592 1805 786 1896 consolaturi
805 1813 963 1891 tyrannos
983 1815 1022 1872 ut
1041 1807 1121 1873 An-

48 1907 184 1972 tiochum
204 1908 434 1998 Epiphanem,
455 1907 643 1990 Herodem,
663 1911 842 1988 Neronem,
862 1909 979 1996 quibus
990 1911 1120 1998 gravis·
1193 1951 1204 1974 „

56 2012 128 2075 sima
145 2035 287 2098 quaeque
308 2013 525 2094 minabantur,
544 2001 653 2098 aperte
672 2013 843 2078 nominare
858 2009 1054 2096 dubitarent,
1073 2037 1119 2086 ne

56 2117 137 2180 tantis
157 2120 254 2183 minis
277 2121 382 2184 territi
403 2119 533 2205 gravius
555 2117 648 2181 etiam
668 2116 703 2179 in
727 2116 860 2180 miseros
879 2127 1015 2182 vexatos
1036 2139 1120 2184 con-

48 2222 200 2304 sulerent,
221 2227 462 2299 satiusduxere
483 2223 615 2288 nomina
634 2241 748 2284 eorum
767 2222 937 2288 reticentes
958 2222 1001 2286 ita
1020 2223 1121 2308 loqui,

46 2341 79 2390 ut
95 2330 208 2392 coaevi
228 2345 339 2392 tamen
359 2327 546 2395 attentiores
568 2349 699 2390 sensum
721 2339 848 2392 tectum¹
867 2328 1026 2414 entricare
1038 2349 1120 2414 pos·

46 2444 122 2496 sent.
164 2433 326 2526 Similiter
339 2445 470 2522 tempus
494 2454 558 2518 quo
577 2432 691 2496 vivant
709 2420 842 2518 tyranni
864 2433 914 2498 tta
932 2431 1120 2498 describunt

46 2550 82 2602 ut
112 2535 276 2604 subtiliter
304 2550 432 2604 tantum
460 2537 660 2623 conjiciendo
689 2559 807 2604 verum
842 2529 1121 2624 assequi'possint

43 2640 182 2708 lectores.
555 2657 557 2667 '

128 2829 200 2920 His,
218 2821 304 2914 quae'
329 2830 453 2898 ultimis
485 2831 587 2896 tribus
605 2831 806 2917 ‚reipublicae
835 2827 984 2894 iudaicae
1005 2827 1136 2894 seculisx

54 2931 286 3017 sorbebantur,
306 2937 465 3002 vaticiniis
488 2938 675 3024 symbolicis
690 2936 769 3000 adeo
790 2933 902 2998 similis
924 2947 971 2998 est
987 2935 1121 3020 Apoca-

51 3041 147 3126 lypsis
168 3021 337 3119 Iohannis,
359 3053 396 3106 ut
415 3053 581 3105 auctorem
603 3063 621 3102 e
641 3039 723 3104 libro
748 3037 889 3102 Danielis
912 3049 945 3101 et
965 3038 1130 3123 Henoclri
1160 3111 1162 3124 Ι

49 3145 183 3229 plurima
203 3145 346 3211 hausisse
366 3156 527 3234 appareat.
573 3145 662 3209 Nam
690 3131 910 3228 Apocalypsis
941 3163 1010 3211 non
1040 3155 1121 3208 tan·

52 3260 113 3314 tum
132 3251 251 3316 eodem
274 3250 360 3335 quod
382 3249 497 3316 inillis
514 3247 603 3322 libris
624 3248 732 3310 elucet
753 3248 957 3332 paraenetica
986 3249 1126 3316 consilio.

58 3357 161 3443 scripta
173 3367 248 3434 -est,
269 3357 313 3420 ita
334 3368 371 3420 ut
392 3355 605 3443 operabam,
626 3355 701 3418 licet
721 3351 851 3417 diverso
869 3363 1018 3438 tempore
1035 3352 1121 3434 edita
1192 3390 1195 3400 ·

57 3473 82 3521 et
108 3481 308 3527 coaevorum
342 3459 520 3524 rationibus
554 3459 690 3524 diversis
717 3457 973 3536 accommodata,
1007 3458 1121 3526 eadem

54 3575 152 3632 tamen
182 3567 343 3653 temporis
379 3547 522 3630 melioris
554 3564 705 3650 proxime
728 3564 880 3628 instantis
912 3563 973 3649 piis
1006 3561 1122 3646 fausti,

59 3667 164 3758 inpiis,
187 3671 340 3757 tyrannis
362 3670 582 3755 potissimum,
614 3668 876 3755 perniciosissimi
903 3691 961 3754 spe
990 3683 1122 3733 utantur

57 3771 90 3834 ad
105 3777 244 3841 miseros
266 3774 337 3838 aevi
356 3775 405 3838 sui
421 3775 651 3850 consolandos,
675 3772 729 3836 sed
750 3772 871 3836 laborat
891 3775 987 3838 ariam
1009 3776 1120 3839 eadem

52 3886 265 3964 tyrannorum
295 3878 409 3964 quibus
436 3873 557 3964 poenas
587 3877 729 3944 minatur
759 3861 1032 3963 designandorum
1058 3876 1121 3942 ob-

80 4069 108 4136 t)
126 4069 167 4122 cl.
187 4022 346 4129 colam&
358 4077 408 4132 92,
422 4071 512 4128 4-24.
539 4068 581 4120 ed.
599 4069 659 4120 Ric.
677 4065 819 4118 Laurence
838 4030 1050 4131 (Oxon.1821).

81 4212 108 4280 2)
126 4211 166 4268 cl.
186 4228 212 4264 c·
225 4220 270 4272 11.
286 4219 328 4270 12·
347 4228 371 4264 v.
389 4209 463 4264 inlra
481 4209 599 4278 notanda
618 4209 652 4263 ad
670 4209 689 4279 §0
700 4217 726 4268 7·
741 4247 742 4253 ,
