2622 4862
78 350 130 418 De
153 344 226 415 libri
247 342 408 438 partibus
432 365 637 450 earumque¹
655 365 753 414 nexu
775 343 977 418 artificioso.
1030 357 1078 427 23

37 529 170 597 Messiae:
188 523 217 610 a)
237 525 476 592 Describuntur
498 528 590 615 impii
610 521 751 614 Messias
764 537 797 592 et
819 525 1081 616 Christianorum
1186 539 1189 550 ’

40 637 136 712 hostes,
153 635 315 697 Satanas
336 642 519 712 12,1·17.,
540 645 727 698 monstrum
747 632 889 698 Romam
910 653 986 696 cnm
1007 633 1080 697 Im·

40 719 224 826 peratoribus,
242 737 378 801 Nerone
403 735 583 821 imprimis,
605 738 719 800 sistens
741 746 792 815 13,
813 747 911 806 1-10
929 745 961 800 et
979 757 1080 822 pseu-

38 841 212 929 dopropheta
243 839 304 904 hos
338 839 495 924 adjuvans
529 851 581 922 13,
610 851 749 914 11-18.
804 838 842 920 b)
871 839 1078 908 Describitur

36 945 190 1038 Messias
205 965 279 1010 rum
303 943 412 1008 electis
431 943 495 1030 piis
516 942 600 1010 bello
620 944 722 1030 parati
754 945 903 1026 majestas
925 951 1077 1028 14,1-.5.
1137 1003 1142 1012 .

38 1052 75 1114 Β.
100 1051 257 1134 Sequuntur
286 1051 461 1116 ultimae
488 1049 666 1136 impiorum
697 1049 960 1116 calamitates
986 1073 1078 1139 gra-

44 1154 217 1234 vissimae,
251 1175 332 1238 quas
360 1158 393 1237 a)
422 1165 509 1218 tres
541 1155 644 1242 angeli
677 1152 852 1218 solenniter
883 1155 1078 1250 annuntiant

41 1265 79 1339 11,
95 1265 192 1333 6-13;
212 1255 261 1338 'b)
290 1255 425 1322 Messias
455 1257 571 1347 deinde
598 1257 685 1323 haud
715 1253 880 1323 evitandas
900 1275 971 1320 esse
991 1257 1078 1342 jam-

36 1386 85 1446 que
103 1375 218 1428 maturo
238 1373 392 1448 tempore
412 1364 523 1450 peragi
547 1361 665 1426 debere
684 1361 824 1446 imagine
843 1371 1006 1428 monstrat
1026 1371 1076 1444 14,

33 1473 139 1547 14·20;
168 1472 201 1553 c)
225 1467 334 1554 angeli
364 1467 503 1553 deniqne
534 1473 693 1554 septem
721 1464 842 1554 patinis
871 1475 999 1550 septem
1027 1468 1075 1532 ira
1172 1471 1176 1480 ’

31 1571 117 1635 divina
139 1571 238 1658 plenis
269 1571 475 1638 effundendis
503 1559 548 1639 ita
579 1571 739 1653 efficiunt,
774 1581 812 1634 nt
842 1572 879 1650 c)
907 1581 1073 1658 martyres

2 1731 5 1742 ,
31 1676 100 1761 prius
118 1676 162 1742 dei
187 1677 344 1760 justitiam
368 1678 532 1744 celebrent
563 1687 613 1758 16,
639 1682 727 1750 1-4s
765 1679 806 1764 β)
835 1672 944 1742 fumus
966 1674 1003 1739 in
1025 1677 1074 1740 al·

31 1783 75 1844 tari
88 1782 199 1847 coelesti
212 1783 367 1848 ascendat
388 1784 607 1865 densissimus,
627 1783 790 1850 vindictae
808 1775 940 1844 ultimas
961 1789 993 1842 et
1007 1771 1080 1843 im-'

34 1886 155 1968 placabilis
184 1887 337 1973 signnm,
369 1893 420 1966 15,
438 1893 531 1960 5-8.’
567 1887 602 1974 y)
631 1885 694 1972 ipsi
727 1883 831 1971 'angeli
861 1883 950 1967 jussa
976 1907 1073 1950 exse·
1100 1955 1102 1965 ¹

38 2003 135 2073 quantur
153 1993 277 2080 patinis
296 1977 517 2074 effundendis,
549 2013 688 2078 quarum
711 1979 824 2054 ultima
844 1989 986 2074 Romam
1006 1991 1073 2056 im·
1179 2057 1188 2064 ,

38 2097 127 2178 piorum
145 2097 261 2160 sedem
292 2097 410 2162 evertit
432 2105 609 2177 16,1-21.
662 2094 823 2162 Inseritur
844 2087 995 2180 deinceps
1016 2117 1073 2160 ac·

34 2201 134 2265 caratior
154 2201 249 2266 urbis
280 2221 413 2286 eversae
440 2199 633 2288 imperiique
652 2197 794 2266 Romani
813 2197 984 2288 descriptio
1006 2222 1071 2268 aaa

32 2327 83 2370 can
107 2307 197 2373 causis
225 2317 336 2371 tautae
365 2323 492 2390 poenae
518 2306 611 2388 justis
641 2315 803 2392 o.17.14s.
861 2302 900 2368 C.
928 2305 1098 2382 Proinde,

29 2409 125 2475 advenit
151 2411 187 2476 in
219 2422 346 2485 terram
379 2407 513 2474 tandem
545 2411 727 2478 Messias
760 2409 800 2472 ad
832 2406 937 2472 hostes
973 2412 1069 2476 tantis

30 2515 220 2581 calamitatibus
260 2512 380 2578 fiscos
411 2528 482 2576 uno.
507 2515 574 2578 ictu
607 2527 640 2580 et
672 2526 756 2578 nutu
788 2512 1002 2578 conterendos
1037 2528 1071 2581 et
1169 2537 1173 2552 ¹

29 2639 130 2702 regnam
160 2621 299 2708 piorum
328 2616 593 2703 suscipiendum
632 2620 720 2686 unde
753 2621 791 2700 a)
809 2617 976 2724 coelicolae
1006 2639 1070 2704 pro

29 2719 161 2808 triumphis
180 2723 288 2785 bonae
305 2743 419 2787 causae
442 2735 476 2787 et
490 2723 664 2816 reportatis
687 2733 718 2786 et
735 2721 940 2806 reportandis
959 2723 1068 2789 laudes

34 2821 67 2886 dei
90 2829 198 2892 canunt
230 2836 416 2905 19,>1-10s
465 2825 503 2905 b)
533 2828 669 2894 Messias
704 2816 841 2892 coelitus
868 2825 1066 2893 descendens

31 2925 102 2994 lostes
127 2953 244 2996 omnes
273 2927 426 3014 profligat
453 2940 648 3012 19,11-21.
690 2937 722 3013 c)
755 2943 787 2995 et.
812 2953 952 3018 regnum
980 2934 1068 3000 mille

28 3041 151 3100 annorum
171 3034 320 3100 faustum
341 3043 417 3098 bum
437 3034 502 3121 piis
521 3037 671 3102 omnibus
693 3038 792 3126 gerit,
819 3035 922 3100 donec
944 3038 980 3103 in
1000 3035 1066 3103 fine

28 3141 108 3206 nundi
131 3139 306 3219 omnibus,
335 3139 560 3206 remotissimis
587 3141 686 3203 etiam
714 3152 748 3204 et
776 3141 982 3206 atrocissimis
1004 3141 1067 3206 ho-

28 3241 96 3307 stibus
120 3244 231 3332 impiis
258 3242 396 3307 aeternis
422 3245 539 3330 'poenis
566 3246 667 3334 apiis
688 3245 878 3333 segregatis,
908 3240 1065 3331 judicium
1137 3295 1143 3308 .

28 3345 179 3412 universum
201 3347 349 3434 sequitur
376 3359 467 3422 c.20.

79 3495 105 3556 3.
131 3485 254 3551 Nova
282 3483 382 3548 haec
407 3486 576 3574 excipit
596 3485 739 3552 mundi
761 3483 915 3568 facies,
942 3489 1063 3575 inqua

29 3582 54 3660 pi
72 3609 175 3653 omnes
193 3590 245 3653 »in
275 3602 443 3670 aeternum
461 3591 525 3658 adei
552 3605 585 3659 et
612 3593 751 3662 Messias
783 3579 933 3658 societate
953 3594 1065 3672 felices·
1107 3647 1108 3652 1
1199 3659 1206 3671 ,
1259 3611 1266 3618 “

30 3703 334 3777 a·un121‚1-22‚,5.
377 3790 380 3796 ,
418 3795 420 3806 .
650 3790 655 3802 ,

77 3831 230 3920 Exposita
252 3833 297 3898 sic
317 3805 498 3920 argumenti
519 3834 633 3900 ordine
651 3835 683 3920 ¹)
705 3837 780 3924 satis
802 3849 936 3924 apparet
955 3859 1061 3922 quan·

23 3935 103 4011 [opere
129 3952 240 4006 auctor
277 3957 452 4003 numerum
484 3941 674 4024 ternarium
694 3951 728 4006 et
760 3939 977 4034 septenarium
1007 3940 1060 4002 vel
1135 3995 1138 4002 .

45 4099 66 4166 1)
81 4101 132 4158 Alii
152 4107 237 4164 alium
255 4113 365 4175 ineunt,
386 4115 415 4164 iu
433 4129 490 4180 quq
509 4112 564 4168 late
582 4125 681 4184 regnat
697 4117 879 4182 interpretum
899 4108 1059 4170 arbitriu1n;

2 4259 3 4286 Χ
69 4212 113 4248 nos
135 4215 199 4252 suan
221 4217 256 4253 ex
280 4201 407 4267 indiciis,
438 4221 508 4271 quaa
533 4216 580 4256 aut
604 4214 678 4256 vates
704 4207 764 4270 ipse
786 4187 1059 4272 perspicitis'nerbis
