2572 4868
38 371 82 442 11.
107 367 306 440 Visiones.
326 443 329 450 ,
346 365 406 438 III.
420 377 460 448 Χ9.
485 363 527 436 Α.
546 364 704 462 b.¹.Cap.‘
717 379 778 458 14,
805 377 913 451 1-3·
966 381 1043 461 239

5 577 30 617 s.
82 534 142 618 Sed
159 555 227 616 hoc
255 549 368 612 simul
390 548 466 612 inde
487 562 568 638 puto
591 553 712 628 elucet,
733 545 871 629 eundem
890 548 1057 638 Apostoo

6 633 95 726 r'qui
124 653 185 702 tam
217 634 378 698 feliciter
405 629 542 722 apteque
577 639 744 719 vulgarem
770 637 809 701 de
831 634 1040 706 Antichristo
1079 677 1082 685 v

6 723 143 790 inionem
160 726 333 786 immritat
350 733 383 783 et
403 721 568 798 emendat,
597 745 665 786 non
686 725 772 786 hunc
792 719 1040 812 Apocal'p’pseos

5 817 67 871 min
89 812 219 872 scribere
247 808 427 892 potuisse,
441 847 444 862 ·
459 807 622 880 diversam
644 831 776 893 prorsus
798 811 944 874 indolem
967 815 1038 898 spi-

4 907 92 972 rtem,
123 895 270 959 diversas
300 894 478 978 opiniones
500 888 669 958 foventem
691 890 746 982 (cf.
767 895 846 976 §.9.
862 892 928 982 10.)
971 893 997 984 )
1077 905 1078 910 ’

47 1125 134 1196 214,
154 1129 258 1194 1-5.
300 1117 379 1206 Quo
400 1119 531 1202 gravius
552 1119 654 1184 tristis
676 1121 755 1186 haec
776 1119 876 1186 trium
899 1119 1042 1190 Messias

5 1201 151 1270 imicomm
172 1229 391 1272 summorum
413 1209 520 1290 imago
540 1209 666 1270 animos
688 1207 975 1290 lectorum'afficit,
998 1234 1037 1275 eo

5 1294 84 1353 avius
109 1315 163 1356 eos
196 1305 335 1358 recreat
364 1313 498 1378 sequens
525 1289 676 1355 Messias
703 1315 783 1355 rum
812 1291 948 1358 selectis
962 1295 1039 1384 piis

4 1377 43 1436 llo
61 1381 158 1462 parati
180 1381 315 1460 imago.
360 1374 507 1443 Cernitur
529 1377 558 1440 is
580 1379 617 1440 iu
637 1390 748 1456 monte
767 1377 882 1456 Sionr,
902 1383 1038 1444 coelesti

8 1483 68 1545 rupe
88 1459 141 1547 (cf.
160 1486 197 1526 v.
215 1477 253 1536 2.
281 1463 335 1532 14.
359 1506 367 1538 ,
395 1484 475 1526 mox
497 1484 515 1526 a
535 1459 780 1540 coelestinos.
798 1464 856 1550 qui
878 1469 1057 1530 terrestris-

5 1567 61 1625 1ago
89 1562 152 1626 est,
186 1551 227 1614 in
259 1561 298 1612 te
372 1558 451 1611 trem
479 1545 705 1624 descensuros3
740 1550 933 1636 cinguntque
965 1575 1040 1616 eum

5 1633 212 1699 iristianorum
237 1637 303 1722 qui
323 1635 409 1695 inter
431 1653 542 1696 omnes
565 1634 759 1698 calamitates
782 1630 900 1696 sortem
920 1641 1040 1724 proba-

7 1727 41 1778 rrt
62 1720 198 1794 anirnum
234 1720 415 1784 sceleribus
443 1715 529 1781 haud
556 1719 735 1806 inquinati,
772 1721 889 1782 selecta
911 1723 1039 1787 cohors.

7 1799 18 1860 i
35 1803 88 1886 ipsi
107 1803 182 1870 sunt
206 1803 350 1880 sancti‚'
364 1825 537 1890 quoscum
557 1805 684 1866 nullum
706 1806 904 1890 periculum,
931 1811 1039 1872 nullae

9 1885 70 1950 rinae
87 1911 103 1951 a
120 1891 270 1956 blessiae
294 1891 437 1967 inimicis
467 1914 492 1952 c.
514 1895 637 1960 1213·
667 1894 802 1971 agitatae
823 1889 983 1958 deterrere
1006 1907 1059 1958 etv

8 1969 105 2036 adurere
131 1981 289 2064 possint,
327 1971 394 2071 jam
423 1977 460 2038 in
490 1977 592 2038 coelo
617 1975 753 2038 blessiae
782 1979 916 2041 numine
943 2003 1039 2066 prae-

13 2068 116 2124 enicet
143 2063 381 2128 coelicolarum
420 2083 617 2124 summorum
655 2059 809 2144 Messian
828 2063 1040 2130 'laudantium

14 2141 111 2207 arietata
128 2168 342 2234 summopere
360 2168 397 2234 se
417 2147 526 2208 beatos
548 2148 712 2223 sentiunt,
745 2149 863 2234 quique
886 2149 1039 2218 blessiam

11 2223 34 2284 rt
51 2228 144 2298 bellum
173 2255 309 2322 quoque
331 2231 477 2294 hostibus
499 2233 567 2294 suis
588 2227 794 2307 inferendum
815 2235 1038 2304 lubenterse-
1074 2293 1092 2305 .,

12 2323 108 2390 pantu.
147 2319 202 2383 Sic‘
214 2324 319 2403 igitur
340 2309 408 2413 jam
431 2321 467 2380 in
490 2318 581 2379 coelo
603 2319 726 2380 beatam
738 2321 776 2380 ab
798 2323 950 2410 omnique
963 2319 1038 2389 An-

15 2395 108 2464 irlrristi
127 2398 243 2470 furore
264 2413 424 2470 inunitam
438 2404 597 2466 cernimus
619 2405 786 2467 cohortem
800 2406 891 2469 illam
911 2413 1038 2474 rentum

17 2479 168 2567 *uadraginta
192 2503 343 2580 'quatuor
375 2489 535 2566 millium,
573 2511 652 2574 quos
683 2492 723 2552 ob
745 2489 875 2572 ,Christi
896 2515 1037 2560 amorem
1108 2518 1111 2524 ’
1174 2575 1183 2584 μ

16 2563 123 2637 titutum
156 2589 190 2639 et
221 2581 379 2642 virtutum
409 2575 552 2639 studium
581 2569 752 2638 infractum
780 2578 890 2658 sigillo
922 2581 1036 2644 divino
1203 2647 1206 2659 ,

19 2667 51 2711 m
70 2660 177 2724 muniri
202 2665 348 2726 vidimus
369 2672 402 2738 7,
425 2671 518 2733 1-8.
540 2669 571 2735 9,
592 2667 624 2731 4.
646 2661 690 2740 ²).
744 2657 905 2751 Quodque
926 2667 980 2730 hic
1001 2670 1038 2732 in
1103 2713 1108 2722 -

17 2737 67 2798 :celo
83 2761 352 2828 repraesentatur,
379 2771 459 2812 mox
479 2746 516 2808 in
536 2758 621 2808 terra
641 2759 746 2810 iatum
766 2749 833 2812 fiet.
856 2786 897 2796 -
939 2752 983 2815 V.
1008 2765 1038 2822 1.

15 2813 96 2891 brnen
112 2829 250 2898 tttssiao
268 2835 382 2920 deique
404 2829 566 2896 frontibus
587 2834 718 2918 piorum
737 2835 929 2920 impressum
952 2838 1039 2902 haud

16 2897 74 3002 dubie
100 2916 183 2983 idem
212 2932 281 2997 est,
314 2918 400 3005 quod
425 2917 585 3004 quomodo
608 2919 720 3002 sigillo
742 2919 784 2982 iis
807 2921 860 2983 dei
881 2925 1039 2986 curaim-

16 3005 122 3068 tumtur
142 3014 171 3082 7,
194 3017 227 3077 2.
249 2999 290 3082 3,
312 3006 507 3090 descriptum
529 3013 578 3066 est
600 3001 640 3066 cf.
662 3025 695 3090 p.
711 3011 782 3075 162.
803 3039 846 3052 -
886 3005 932 3068 V.
953 3003 1055 3080 2.13.'

16 3063 115 3172 ilgelos
141 3087 192 3153 dei
220 3089 548 3156 laudeshominibus
572 3091 611 3152 ob
632 3083 838 3183 majestatem
852 3089 937 3162 haud
959 3117 1038 3157 con·

15 3163 145 3258 liniendas,
175 3179 278 3240 beatis
299 3185 416 3248 <tamen
446 3175 576 3238 divinae
604 3187 735 3240 naturae
755 3175 962 3261 propioribus
985 3179 1039 3241 di-

17 3235 96 3316 hidas
114 3269 279 3349 rerumque
300 3263 429 3325 infinite
451 3261 639 3324 sublimium
661 3281 789 3324 sensum
812 3275 937 3342 gratum
958 3267 1039 3328 affe-

16 3341 87 3399 rentes
103 3362 246 3412 canentes
260 3349 356 3414 'audit
377 3349 507 3432 piorum
528 3349 656 3409 cohors.
699 3344 778 3410 cum
799 3350 888 3412 enirn
899 3352 1038 3416 seriores

18 3425 99 3485 nmen
118 3426 272 3498 divinum
303 3435 502 3520 virtutesque
529 3432 582 3495 dei
609 3453 750 3496 summas
772 3435 961 3500 mortalibus
983 3439 1038 3502 in-

42 3635 61 3698 1)
79 3639 177 3704 Arcens.
194 3655 256 3710 Jes.·
270 3671 293 3706 r.
312 3661 392 3714 2-5.
409 3653 550 3708 simillime
569 3651 696 3707 Saturam
714 3669 810 3724 regem
823 3655 969 3711 Manassen
987 3656 1039 3710 ob-

40 3711 134 3794 ‘sidere
158 3737 183 3778 et
208 3725 308 3780 exinde
336 3724 537 3779 Antichristum
557 3731 627 3778 oriri
645 3725 741 3794 fingit3
768 3727 817 3780 sed
835 3735 928 3782 omnia
945 3729 986 3781 ibi
1002 3747 1039 3782 ex

61 3796 141 3844 nostro
156 3795 226 3850 libro
246 3801 380 3866 scriptori
398 3798 479 3854 lecto.
491 3796 670 3852 haustaesse*
686 3808 764 3865 puto·

40 3892 200 3983 illdiffieinas
218 3915 351 3986 quaedam
369 3913 434 3967 iude
454 3919 558 3980 oritur,
576 3915 652 3984 quod
669 3929 761 3969 sancta
779 3918 848 3972 hacc
866 3919 966 3972 cohors
984 3921 1039 3986 jam

65 3987 89 4022 ¹¹¹
109 3986 271 4040 roucheria
289 3992 394 4040 versari
412 3992 559 4054 cogitatur.
604 3986 658 4039 Scd
677 3991 860 4055 reputandum
880 4001 936 4046 est,
962 3987 1040 4056 post-¹

67 4057 131 4106 luite
152 4057 195 4110 diu
221 4064 286 4112 satis
310 4058 500 4112 Antichristus
519 4062 616 4110 saeviit
633 4058 719 4112 tinem
737 4079 830 4113 rerum
851 4065 976 4128 proxime
995 4065 1040 4118 im

66 4125 122 4198 Vite
142 4142 278 4200 vatemque
305 4129 336 4184 id
360 4129 397 4182 ob
421 4135 580 4197 oppositam
599 4134 735 4196 picturam
762 4147 788 4186 c.
805 4141 849 4192 12·
868 4139 911 4197 13.
928 4137 967 4184 ita
985 4133 1042 4186 sm-

68 4197 133 4246 ΜΝ·
163 4197 262 4256 Eadem
282 4201 360 4254 fictio
379 4201 451 4254 redit
471 4207 514 4267 15,
530 4205 611 4260 2-1.
753 4203 757 4208 “
