2622 4862
199 354 248 426 12
350 340 409 414 De
432 341 552 414 fornia
575 339 659 414 libri
683 339 1119 438 epistolica-symbolica.

196 525 317 614 jestatis
341 518 551 614 splendorem
576 527 673 616 simul
693 525 887 592 adumbrare
907 539 938 592 et
959 533 1151 616 augelorum
1171 535 1269 604 inter·

196 644 301 700 ventu
321 632 621 718 multipliciomnia
640 631 783 698 animare
800 633 959 718 placebat.
1012 635 1141 721 Quibus
1164 661 1269 708 acces.

102 721 104 726 ¹
196 739 237 804 sit
264 720 397 826 opinio,
420 759 629 822 quaecunque
656 736 692 802 in
721 749 808 802 terra
829 740 1005 825 gerantur,
1036 743 1139 828 prius,
1154 747 1227 828 jam
1248 750 1274 812 in

196 855 285 910 coeto
314 865 384 908 esse
411 839 580 907 manifesta
602 847 633 924 ¹)
663 855 736 936 eta
756 865 847 909 sacro
868 834 919 908 ilei
939 857 1055 910 senatu
1075 849 1168 934 quasi
1197 853 1274 918 deli·

194 949 307 1014 berata
336 960 370 1014 et
392 946 527 1016 ¹(decreta
551 946 583 1030 ²)
595 993 605 1028 ,
637 956 675 1011 ut
703 948 831 1014 vatibus
859 950 958 1016 sacris
988 952 1083 1038 quasi
1104 939 1275 1022 auscultari

192 1056 294 1122 liceat.
770 1049 776 1061 ”

308 1290 403 1356 Tales
431 1286 531 1375 igitur
553 1285 700 1350 rvisiones
723 1286 873 1350 coelestes
897 1283 1081 1372 depicturus
1101 1290 1266 1354 lohannes

194 1392 233 1456 C.
252 1404 359 1472 4-22,
380 1403 411 1464 5.
432 1413 642 1480 quaecunque
661 1390 770 1455 futura
789 1411 859 1452 esse
872 1390 963 1475 cupit
978 1403 1010 1455 et
1022 1405 1134 1479 sperat,
1153 1397 1267 1459 omnia

192 1498 256 1564 sibi
276 1499 312 1564 in
333 1499 422 1564 coelo
440 1498 552 1584 angelo
575 1494 693 1558 comite
714 1504 893 1558 monstrata
912 1492 1018 1582 fingit.
1060 1499 1101 1563 ln
1122 1521 1185 1584 quo
1203 1499 1270 1563 du-

191 1604 283 1689 plen¹
306 1601 461 1689 quaedam
493 1598 743 1665 difficultas
773 1599 906 1685 cogitari
944 1613 1089 1686 potest,
1111 1604 1272 1692 partim

148 1773 151 1784 ,
189 1723 332 1772 rerum
365 1704 668 1786 monstrandasum,
700 1705 818 1793 partim
854 1715 1108 1792 temporum
1126 1732 1272 1795 quorum

188 1813 344 1900 imagines
372 1807 463 1874 videt
491 1806 690 1874 futurorum.
745 1813 780 1890 1)
806 1810 886 1874 Non
918 1830 1030 1874 omnes
1055 1813 1146 1877 ideae
1167 1837 1272 1881 mon-

188 1915 321 1983 stranda
341 1903 445 2001 ligura
466 1923 500 1978 et
521 1911 612 1998 quasi
629 1911 763 1978 historia
783 1913 852 2000 ipsa
872 1913 1073 2001 depingenda
1089 1919 1165 1982 satis
1189 1941 1270 2006 per-

188 2011 319 2110 spicuae
340 2041 409 2083 esse
422 2029 578 2106 possunt;
601 2037 679 2102 ergo
699 2035 827 2081 voces
851 2019 947 2083 etiarn
970 2023 1157 2096 coelestium
1178 2047 1269 2090 non-

188 2147 358 2213 nunquam
389 2127 596 2202 inseruntur,
628 2122 749 2210 partim
778 2124 967 2209 angelorum
991 2140 1103 2216 vatem
1123 2127 1270 2194 edocen-

187 2233 270 2298 tium
292 2237 342 2315 (ut
362 2240 393 2309 7,
416 2236 544 2300 13-17·
569 2236 618 2306 17,
641 2231 776 2308 1-18.)‚
802 2229 923 2320 partim
945 2229 995 2295 dei
1015 2225 1076 2311 vel
1093 2233 1268 2298 ministro-

185 2357 264 2408 rum
286 2351 492 2398 summorum
512 2329 563 2394 dei
575 2329 732 2395 thronum
745 2332 943 2420 cingentium
957 2335 1084 2419 etjnssa
1095 2337 1268 2406 edentium

148 2493 155 2512 „
186 2443 240 2524 (ut
260 2447 290 2520 6,
304 2442 372 2522 Ι6.),
393 2436 514 2524 partim
535 2436 682 2522 ipsorum
705 2437 775 2501 sive
797 2439 968 2505 hominum
989 2428 1268 2512 sive'eoelestium

184 2536 376 2634 naturarum
398 2561 536 2630 quarum
557 2540 711 2627 imagines
731 2555 969 2624 monstrantur,
988 2555 1026 2609 ut
1043 2545 1070 2610 si
1089 2547 1166 2633 q'uid
1185 2571 1268 2616 um-

166 2649 262 2716 'brae
283 2663 468 2734 martyrius
491 2645 699 2712 clamaverint
720 2647 850 2712 uberius
869 2649 1048 2736 exponitur
1060 2657 1091 2732 6,
1107 2663 1167 2735 103
1189 2677 1268 2719 sae-

183 2756 317 2844 pissime
338 2765 448 2818 autem
472 2751 523 2817 dei
544 2753 598 2816 vel
618 2751 844 2817 ministrorum
869 2753 937 2838 ejus
959 2743 1113 2852 mandata,
1126 2756 1267 2846 brevius

183 2855 310 2926 tantum
337 2879 405 2922 uno
426 2853 570 2954 alterove
592 2856 752 2922 vocabulo
773 2857 957 2926 innuuntur
978 2873 1014 2923 ut
1032 2867 1064 2940 6,
1078 2872 1112 2936 8.
1132 2857 1264 2950 (ὄνομα

184 2957 272 3052 αὐτῷ
294 2956 312 3032 ὁ
332 2953 502 3044 θάνατος)
527 2975 577 3036 11.
594 2973 625 3043 9,
639 2973 670 3035 3.
686 3041 690 3047 ,
713 2964 755 3026 In
778 2961 894 3048 quibus
909 2963 1038 3049 quidem
1053 2966 1259 3032 sermonibus

89 3089 94 3108 ·
181 3066 362 3135 inserendis
391 3078 480 3132 tanta
510 3069 709 3154 conspicitur
736 3069 874 3134 varietas
900 3077 1003 3156 grata,
1035 3077 1099 3130 tam
1120 3069 1264 3154 pulcher

181 3175 250 3262 apti
270 3185 302 3238 et
323 3171 431 3237 decori
449 3192 578 3253 sensus,
599 3185 637 3236 ut
656 3193 892 3263 nonnunquam
913 3173 953 3237 ad
968 3171 1162 3244 dramaticus
1174 3193 1265 3260 poe-

181 3293 255 3342 seos
276 3279 418 3365 speciem
440 3287 583 3363 assurgat
605 3279 706 3346 oratio
727 3291 827 3366 utque
847 3301 931 3344 unus
952 3277 1006 3344 bic
1030 3288 1120 3361 vates
1142 3299 1263 3347 omnes

181 3377 305 3447 ceteros
342 3381 438 3466 hujus
479 3383 622 3469 generis
641 3365 744 3446 multo
776 3407 946 3472 superasse
984 3373 1164 3446 censendus
1197 3386 1263 3462 sits

179 3486 333 3553 Henochi
353 3500 463 3579 tamen
480 3487 553 3554 libri
573 3484 719 3552 fictiones
738 3490 890 3576 proxime
911 3489 951 3555 ad
972 3487 1060 3557 issam
1081 3488 1259 3576 imaginem

213 3749 246 3820 1)
262 3748 299 3806 ei·
316 3753 398 3818 impr.
413 3747 601 3806 Ascensus.
613 3759 640 3816 9,
657 3758 764 3816 20-23.
857 3833 860 3842 Ι

183 3884 188 3973 i
212 3919 244 3990 2)
261 3920 447 3986 Maimouidss
472 3938 548 3974 ruore
571 3919 735 3989 naboch.2,
760 3928 793 3983 6²
827 3941 896 3978 non
920 3921 1018 3998 facit
1037 3923 1262 4007 deusquid-

161 4040 163 4044 .
248 4017 344 4080 piam
376 4015 451 4064 nisi
483 4011 577 4063 illud
603 4025 687 4066 ante
712 4019 874 4070 intuitus
899 4013 1021 4069 luerit
1047 4012 1261 4069 infantilia

183 4139 185 4146 ι
247 4107 470 4187 superiori,
492 4113 533 4156 est
557 4109 692 4158 sententia
719 4109 889 4176 sapientum
914 4105 950 4164 cl.
969 4107 1023 4162 alia
1042 4123 1085 4182 ap·
1101 4108 1204 4164 Wetst.
1221 4109 1261 4163 ad

246 4192 335 4262 Alme·
354 4199 429 4261 451·
462 4189 481 4209 x
537 4230 540 4239 ¹
1203 4191 1205 4198 Ι
