2546 4868
53 316 102 409 ιι.
122 337 320 408 visiones.
355 337 415 406 m.
436 350 468 416 ι.
494 337 533 404 c.
556 349 587 416 1.
617 337 702 432 cap.
728 351 785 428 19,
813 352 845 418 1·
864 351 897 418 r.
933 351 1022 420 sss
1050 446 1053 463 ι
1088 401 1093 412 .

24 517 139 609 impiis
158 519 281 584 frustra
308 541 415 604 poena
445 519 558 583 divina
575 521 711 582 monitis
733 519 798 608 (16,
818 525 876 604 91)
907 545 1025 608 super-

16 611 149 672 llessiae
168 607 386 668 debellandus
407 627 535 692 unoque
557 607 621 668 ictu
643 619 675 669 et
693 621 859 670 mornento
887 612 1024 672 vincen-

16 689 25 762 ι’
41 708 75 757 et
97 696 134 755 hi
154 693 215 754 soli
235 691 367 752 Messio
388 691 462 774 ipso
486 689 613 753 vindice
632 703 666 752 et
686 695 808 754 victore
826 693 916 773 digni
936 707 1022 758 sunt.

16 803 95 842 runc
115 777 366 858 igiturllessiae
377 777 550 838 adventum
563 789 596 836 ut
609 780 686 838 satis
700 779 796 858 digne
807 793 1022 864 praeparetur,

31 879 62 936 1.
87 875 261 940 19,1-10.
289 867 435 948 primum
451 882 543 924 scena
556 861 753 946 praeluditur
766 865 909 926 coelesti.
938 865 1022 928 Coe-

16 953 62 1011 lae
86 951 193 1010 summi
216 949 412 1044 reliquique
432 947 516 1008 coeli
535 949 659 1009 incolae
687 970 747 1032 pro
778 951 925 1012 victoriis
946 973 1023 1013 cau-

23 1032 279 1096 (lhristianorum
305 1047 408 1134 Justae
437 1043 470 1094 et
496 1033 669 1117 reportatis
700 1045 732 1094 et
752 1055 831 1097 mox
852 1049 1022 1122 reportan-

15 1164 21 1194 ‚
42 1120 131 1180 salute
149 1119 298 1204 piorum
313 1114 385 1216 'jam
405 1129 489 1178 certa
509 1128 662 1204 coetuque
683 1115 939 1184 Christianorum
969 1113 1022 1184 sa·
1078 1173 1080 1178 .

24 1203 145 1266 llessiae
165 1202 325 1268 adventu
347 1201 468 1266 beando
490 1204 607 1282 gratias
637 1203 697 1264 deo
725 1217 822 1283 argunt
850 1227 892 1268 ex
913 1210 1021 1272 animo

15 1291 102 1350 rimas.
146 1286 250 1372 Quae
277 1290 356 1376 qnia
376 1291 415 1349 ab
437 1289 586 1350 omnibus
608 1287 746 1368 agendae
767 1301 858 1366 sunt,
889 1315 1022 1370 conses-
1060 1353 1064 1366 ,

16 1375 248 1440 coelicolarum
274 1375 423 1438 omnium
444 1373 591 1436 solennis
612 1375 726 1436 ultimo
748 1373 811 1436 hoc
836 1377 910 1440 Ioco
934 1381 1022 1444 idem

15 1480 68 1520 sus
88 1459 277 1524 instruitur
298 1483 319 1522 a
335 1482 396 1546 quo
419 1460 525 1520 omnis
546 1459 683 1520 actionis
705 1459 861 1543 picturam
882 1485 1020 1528 exorsus
1122 1523 1125 1530 ,

30 1556 113 1608 vates
138 1568 166 1608 o.
186 1553 231 1623 43
255 1568 322 1632 quo
345 1545 442 1606 simul
464 1564 543 1630 quae
562 1545 608 1606 ibi
622 1545 658 1608 in
672 1544 823 1606 coelitum
836 1568 925 1610 sacro
939 1572 1021 1612 con-

14 1652 36 1688 ιι
53 1625 154 1692 lutura
177 1644 214 1694 et
238 1627 439 1718 perficienda
461 1629 544 1692 dicta
565 1641 655 1692 erant
669 1649 810 1716 quaeque
830 1634 896 1718 ipsi
918 1635 1020 1696 coeli-

33 1734 82 1796 quo
107 1716 240 1778 diutius
277 1727 438 1802 protracta
469 1737 507 1777 eo
535 1713 699 1776 ardentius
731 1735 858 1800 semper
891 1718 1021 1784 deside-

14 1811 86 1860 erant
102 1803 155 1878 (5,
177 1812 213 1872 8.
240 1809 275 1878 6,
298 1813 348 1872 10.
375 1812 406 1876 8,
423 1808 455 1872 3.
475 1801 550 1876 4.),
588 1821 625 1861 ea
650 1798 763 1862 eodem
785 1801 821 1864 in
841 1816 935 1866 coetu
954 1799 1020 1901 jam

14 1877 83 1944 lecta
104 1887 293 1969 praedicari
312 1896 459 1972 possunt.
501 1884 633 1969 Jamque
658 1885 823 1948 coelicolis
846 1911 925 1974 quae
944 1894 1021 1954 tuba
1095 1950 1098 1958 ,

15 1969 66 2027 iura
83 1969 263 2036 detonante
293 1975 354 2034 sibi
381 1972 593 2050 congratulati
615 1981 704 2032 erant
727 1983 777 2046 11,
802 1983 943 2052 15-18,
960 1973 1020 2038 “fi-

14 2054 79 2114 ntins
94 2061 282 2146 certiusqne
299 2069 443 2143 repetere
465 2066 498 2116 et
518 2058 706 2118 confirmare
725 2055 812 2118 licet.
864 2057 1021 2149 Belleque
1042 2131 1046 2140 ¹

14 2139 49 2195 rio
67 2137 129 2204 haee
148 2143 188 2206 in
211 2157 283 2215 tres
305 2147 447 2204 minores
467 2139 617 2202 distinete
639 2153 689 2203 est
709 2142 820 2206 hasce:

50 2217 73 2306 1)
88 2247 116 2286 r.
135 2236 241 2300 1-4,
285 2225 387 2290 Totus
408 2225 598 2288 coelestium
625 2239 733 2288 coetus
761 2229 800 2288 ob
825 2237 1018 2313 reportatus
1072 2233 1078 2250 ⁸

14 2325 60 2366 nae
74 2331 173 2375 causae
198 2313 393 2398 triumphos·
408 2313 502 2374 laetis
524 2323 652 2374 resonet
672 2313 864 2375 clamoribus
884 2314 1019 2378 laudan-

13 2409 65 2472 tque
79 2409 106 2456 et
126 2399 304 2464 adorantes
326 2399 385 2460 deo
405 2399 524 2477 gratias
543 2411 641 2478 agunt
659 2391 772 2494 justas.¹
813 2397 866 2460 Sic
886 2401 1018 2485 aptissi-

13 2495 36 2532 ιε
53 2480 135 2543 simul
182 2481 316 2548 auditur
339 2483 491 2564 transitus
522 2504 542 2544 a
573 2483 738 2568 plagarum
769 2483 1019 2548 ultimarumet

13 2563 112 2648 ncipne
132 2507 234 2634 Uibts
257 2591 387 2633 eversae
401 2567 567 2631 mentione
588 2591 614 2630 e.
625 2575 761 2638 16—18.
781 2565 928 2649 Angelos
943 2575 1019 2634 bea-

15 2665 66 2726 sque
95 2673 126 2742 vg
146 2667 178 2724 1·
208 2657 355 2735 intelligi
383 2675 440 2738 por
464 2674 502 2716 se
526 2663 624 2737 patet.
645 2645 827 2737 ἁλληλούϊα
847 2676 890 2718 ex
910 2654 1017 2720 Lxx

14 2737 166 2848 rutsstiffsp
190 2761 230 2824 in
246 2761 366 2844 ¹templi
388 2747 518 2820 secundi
540 2758 736 2836 hymnorum
751 2758 888 2822 introitu
903 2773 937 2822 et
952 2763 1018 2825 fine
1114 2767 1121 2774 “

13 2837 200 2925 rqnenta'tnm,
221 2860 256 2908 ot
276 2846 315 2907 ad
336 2845 553 2908 laudationem
582 2842 727 2903 divinam
750 2856 861 2906 coetus
881 2849 1018 2910 univer·
1085 2879 1087 2884 ·

13 2932 191 2994 territetur.
234 2932 347 2992 ludaei
377 2925 595 2992 Alexandrini
621 2923 724 2989 forma
749 2931 851 3011 magis
876 2929 918 2993 ad
933 2921 1017 2995 ‘ara-

14 3043 66 3088 neae
88 3033 216 3117 linguae
248 3038 379 3116 genium
409 3033 643 3096 accommodata
677 3012 769 3123 1))7]
785 3037 1016 3120 pronunciasse

13 3109 108 3180 lentur.
149 3122 302 3184 Virtutes
328 3119 395 3182 deo·
413 3127 485 3181 tres
504 3121 649 3182 tribuunt
676 3117 733 3197 (cf.
762 3135 795 3207 p.
816 3118 890 3201 91):
919 3120 1031 3194 salus!

13 3203 113 3264 arandi
132 3220 165 3270 et
192 3205 372 3269 auxiliandi
399 3205 559 3290 potestas.
588 3199 631 3266 cf.
654 3213 684 3280 7,
707 3208 761 3285 10)
789 3205 955 3304 mty'estue
981 3215 1017 3269 et

13 3285 105 3348 atentia
127 3290 183 3354 dei
204 3290 321 3354 nostri
337 3304 426 3365 sunt,
449 3293 479 3351 ei
500 3291 564 3351 soli
586 3291 753 3352 tribuenda
775 3302 808 3352 et
830 3312 866 3353 ιιι
888 3291 1017 3357 laudem

13 3381 37 3454 tr
51 3377 203 3440 vertenda.
247 3374 345 3458 Quod
368 3399 401 3437 v.
420 3385 451 3445 2.
473 3395 515 3437 ex
534 3373 631 3436 Urbis
651 3397 797 3452 eversae,
819 3395 897 3461 quae
922 3376 1017 3441 deum

13 3461 93 3540 lluste
107 3474 228 3544 peecata
249 3463 365 3546 punire
386 3472 419 3523 et
441 3481 579 3546 poenam
593 3463 788 3546 promissam
802 3481 927 3524 summa
944 3485 1018 3529 cum

13 3527 32 3592 lt
47 3551 168 3633 exsequi
186 3548 377 3610 documento
399 3546 457 3622 sit,
481 3549 632 3632 exemplo
653 3549 816 3632 probatur.
867 3543 1018 3612 Alterum

13 3615 61 3690 titur
78 3621 122 3695 ior
142 3634 231 3718 prius
255 3633 419 3717 explieat·
449 3624 553 3716 ἇληθ.
581 3631 622 3694 de
644 3633 754 3695 eadem
781 3652 819 3693 re
836 3624 903 3728 jam
920 3653 1018 3718 supra

13 3707 67 3774 523·
84 3722 129 3792 16,
149 3729 180 3789 7.
209 3719 341 3780 obvium
374 3723 451 3778 erat.
494 3717 657 3794 ludioavit
681 3719 874 3804 punivitque
895 3721 1017 3782 Urbem
1082 3763 1085 3772 ·

13 3797 148 3872 oratricem
173 3813 237 3881 (17,
261 3816 290 3872 1.
309 3805 356 3878 5),
378 3791 468 3895 cujus
490 3801 617 3889 quidem
649 3806 783 3865 crimina
811 3803 876 3864 duo
907 3806 1017 3888 potis-

13 3879 129 3948 tathaee
154 3899 227 3950 sunt
256 3883 341 3974 quod
370 3889 494 3949 artibus
519 3889 716 3974 flagitiisque
732 3891 803 3951 suis
826 3890 1017 3951 meretriciis

13 3973 77 4046 trun
99 3971 118 4032 i.
138 3993 166 4036 e.
195 3981 307 4034 omnes
336 3983 449 4052 gentes
476 3992 628 4074 regesque
655 3971 785 4036 seduxit
809 3969 1037 4060 corrupitque⁴
1121 4042 1124 4048 ,

13 4033 140 4127 ,11118
168 4053 246 4131 ‘cotie
266 4057 528 4142 διαφθείροντας
551 4081 614 4141 την
634 4061 710 4144 γῆν.
734 4065 784 4136 14,
805 4069 837 4129 8·
860 4069 909 4134 17,
931 4070 962 4129 2·
984 4065 1016 4130 4·

13 4131 30 4198 li
44 4141 67 4200 3·
86 4149 121 4210 23
148 4157 179 4206 et
200 4143 359 4205 cultorum
388 4139 440 4204 dei
474 4143 611 4228 piorum¹
637 4147 825 4224 sanguinem
853 4145 1017 4209 insontem

13 4211 100 4284 rolutlit
125 4229 162 4290 cf.
183 4237 220 4310 6,
244 4241 295 4300 10·
318 4235 369 4306 16,
388 4234 420 4298 6·
443 4237 494 4305 17,
516 4231 548 4298 6·
571 4239 621 4306 18,
641 4225 709 4318 24)
758 4227 796 4291 ld
816 4229 1014 4294 crudelitatis
