2572 4868
318 178 322 204 1

158 366 201 436 ΙΙ.
226 363 409 435 Visiones.
460 360 505 432 Π.
533 357 564 442 1.
616 361 824 457 Cap.8,1‚
961 366 1035 456 169
1123 392 1125 401 ·
1204 359 1207 366 ’

1 552 59 616 ctio
81 550 138 612 hic
160 551 275 613 variat
290 550 375 612 inter
389 547 469 632 ζωῆς
483 533 520 610 ἐἰ
538 539 655 627 ζῶσας;
679 559 848 634 utrumque
869 567 915 610 ex
927 545 1037 630 glossa

2 653 56 701 trnn
86 637 232 698 videtur.
296 635 441 697 Tantum
461 635 561 716 igitur
580 636 636 696 ubi
659 636 710 718 pii
730 635 876 696 laborum
895 635 932 698 in
952 646 1036 700 terra

1 725 188 786 mtlatorum
210 723 398 806 praemium
419 731 452 782 et
471 721 616 784 lenimen
637 714 760 795 ferent,
781 719 859 781 deus
884 719 1033 782 lacrimas

4 833 62 872 nnn
82 811 294 876 abstersurus
316 807 381 868 dici
402 817 527 891 potest,
550 807 690 884 imagine
712 827 754 868 ex
775 803 903 880 les.25‚
924 817 957 874 8.
977 807 1034 867 hic

19 889 94 956 insra
124 905 179 970 21,
215 900 251 962 4.
287 889 443 956 desumto.
502 889 550 957 Et·
575 893 620 952 sic
652 891 966 976 quidenrmartyres
996 891 1036 956 ht

1 993 67 1041 tanta
90 981 158 1040 sint
188 979 269 1062 piis
295 980 444 1040 omnibus
465 978 506 1039 in¹
524 997 623 1056 regno
645 977 778 1042 coelesti
799 977 941 1061 praemia
962 997 1036 1038 cru·
1112 983 1116 1002 ’

1 1079 148 1150 atrumque
183 1065 224 1126 in
258 1073 346 1125 terra
368 1063 515 1144 gravium
534 1063 691 1125 lenimina
711 1062 943 1147 exspectanda,
975 1084 1037 1124 ex-

1 1151 65 1233 rnplo
88 1171 144 1212 suo
169 1149 218 1211 in·
230 1151 339 1234 partis
360 1151 526 1212 visionum
545 1149 670 1234 primae
691 1150 756 1210 fine
777 1159 851 1232 apte
871 1149 918 1209 ita
938 1169 1037 1210 mon-

1 1246 71 1308 itam,
101 1247 138 1295 ut
170 1237 309 1316 animus
340 1235 379 1296 ad
409 1235 569 1316 integram
597 1235 688 1294 illam
716 1237 803 1296 vitae
832 1235 943 1296 beatae
977 1233 1037 1297 de-

1 1322 162 1402 riptionem
184 1341 214 1382 c.
230 1330 288 1392 21.
305 1330 357 1391 22.
380 1339 399 1380 e
421 1342 481 1404 qua
501 1321 556 1382 hic
578 1321 704 1398 singula
725 1317 877 1404 quaedam
897 1319 1037 1382 delibata

1 1417 47 1479 int,
71 1405 337 1486 cognoscendam
357 1407 526 1468 excitetur.
568 1404 652 1466 Hinc
676 1408 778 1465 oratio
795 1407 893 1500 etitpn
908 1427 925 1466 a
939 1427 1035 1490 prae-

2 1492 229 1562 ntir.15-17.
262 1493 299 1553 in
313 1485 484 1575 futurum
512 1503 638 1574 tempus
660 1493 799 1566 aberrat,
835 1493 927 1576 quasi
948 1492 1035 1553 salus

1 1594 38 1635 tec
62 1587 91 1636 et
120 1579 176 1638 his
209 1597 327 1638 recens
356 1577 392 1658 in
423 1578 514 1640 coelo
544 1577 678 1640 advenis
698 1588 731 1639 et
752 1579 866 1640 ceteris
888 1580 1036 1642 omnibus

1 1661 30 1720 tis
48 1662 268 1748 exspectanda
289 1665 399 1724 restet.

42 1827 79 1892 Π.
96 1831 240 1921 Jamque
255 1855 328 1896 cum
338 1825 483 1916 septimo
495 1831 606 1913 sigillo
620 1844 651 1909 8,
666 1843 695 1902 1.
707 1844 848 1896 reserato
859 1829 1037 1895 vindictae
1127 1836 1130 1844 “

1 1910 245 1994 laniantium,
277 1904 489 2003 pandituique
517 1921 553 1980 in
579 1916 731 1979 secundo
760 1921 926 1981 visionum
947 1930 1037 2002 parte

1 2014 12 2082 t.
25 2011 93 2079 1-11,
109 2011 161 2074 11.
183 2002 375 2068 vindictae.
384 2000 586 2087 incipientis
601 2011 635 2064 et
648 2002 831 2066 crescentis
848 2001 1036 2089 descriptio.

1 2079 70 2160 lune
97 2087 269 2175 completo
298 2082 364 2183 jam
386 2090 567 2172 septenario
592 2088 652 2148 illo
671 2110 805 2150 numero
827 2090 891 2151 alia
912 2103 1037 2175 septem

1 2188 163 2258 turnerorum
184 2177 292 2238 series
316 2173 385 2236 vati
404 2185 472 2234 erat
489 2175 792 2258 circumspicienda3
807 2187 943 2260 apteque
957 2198 1038 2260 pro-

2 2252 55 2315 tcto'
67 2271 190 2344 septem
213 2263 271 2322 hic
292 2251 468 2322 introducit
489 2260 621 2338 angelos
642 2254 735 2319 tubis
756 2272 914 2322 canentes.
943 2249 1037 2346 Ipsae
1054 2307 1057 2312 -

1 2337 55 2400 nirn
69 2342 125 2406 hae
147 2349 248 2408 tubae
271 2367 342 2407 cum
365 2365 412 2406 ero
427 2345 568 2424 imagine
588 2347 788 2428 temporibus
811 2345 880 2408 illis
894 2341 1038 2408 familia-

4 2421 89 2488 issima
100 2429 259 2518 Messias
281 2427 488 2493 adventanti
508 2432 694 2515 praecinant
714 2431 761 2506 (v.
777 2453 872 2516 supra
892 2444 986 2517 p·‘19.
1006 2444 1038 2495 et

1 2503 65 2572 tEsr.
76 2519 103 2589 5,
119 2520 150 2584 4.
169 2523 202 2593 6,
218 2516 305 2594 23.)‚
326 2515 416 2578 nulla
436 2525 519 2577 certe
540 2517 681 2596 imagine
702 2517 935 2600 significantius
954 2520 1041 2581 cala-

3 2593 89 2658 ritates
104 2601 285 2678 gentilibus
297 2595 362 2693 jam
380 2594 445 2696 jam
465 2601 501 2663 in
523 2601 683 2664 vindictae
702 2603 806 2687 ipsius
825 2609 946 2666 sensim
958 2605 1040 2668 hor·
1128 2659 1133 2673 .

2 2678 96 2745 rendum
110 2686 147 2748 in
161 2687 300 2766 modum
312 2686 481 2748 crescentis
504 2689 601 2749 initio
622 2687 782 2752 divinitus
801 2690 937 2752 immitti
956 2690 1039 2771 fingi

2 2772 88 2838 poterat
107 2791 204 2857 quam
234 2772 357 2852 angelis
377 2783 501 2856 septem
522 2795 540 2836 e
558 2773 611 2836 dei
630 2775 778 2837 mandato
797 2775 865 2837 t'um
885 2775 1039 2838 Messium

5 2842 189 2921 attentantem
219 2869 290 2920 tum
317 2858 673 2940 calamitates'singulas
699 2861 766 2945 ipsi
785 2863 932 2946 praevias
953 2861 1039 2922 tubis

9 2924 208 3028 detonantibus.
265 2941 328 3004 Sed
355 2944 417 3004 hae
444 2945 537 3006 tubae
565 2947 751 3030 priusquam
778 2959 906 3022 canant,
930 2946 1038 3027 digne

2 3027 52 3078 satis
64 3025 224 3092 vindictae
240 3026 370 3090 divinae
387 3021 452 3123 jam
467 3049 535 3092 sese
556 3027 779 3094 manifestasti
798 3031 996 3116 praeluditur

2 3195 19 3224 .,
60 3141 83 3201 1·
102 3147 132 3212 8,
155 3146 252 3208 1-5.
273 3142 403 3205 visione
423 3144 570 3228 praevia,
597 3156 723 3230 praeter
744 3155 869 3230 septem
893 3147 1040 3208 tubarum

2 3225 46 3308 prp
60 3226 313 3368 'apparandarum
339 3232 556 3305 mentionem,
591 3233 631 3290 ob
653 3231 819 3292 visionum
844 3251 964 3298 nexum
984 3231 1039 3292 hic

2 3309 104 3387 'fitteren
124 3327 195 3387 am,
233 3333 318 3376 arcte
346 3311 487 3375 divinae
505 3311 687 3400 funmntis
714 3317 888 3395 imaginem
917 3317 1041 3378 descri-

28 3395 80 3476 nte3
129 3391 209 3458 Cum
243 3399 331 3460 enim
357 3398 501 3460 vindicta
528 3421 612 3463 nunc
639 3404 699 3462 vix
724 3403 860 3488 incipiat
879 3412 1040 3488 restatque

5 3479 46 3544 tut
71 3475 205 3558 pustitiae
241 3482 371 3548 divinae
397 3483 544 3560 satisfiat,
579 3507 653 3570 pars
682 3509 857 3572 poenarum
887 3491 1039 3566 maxima,

3 3561 86 3626 lteces
105 3565 200 3630 etiam
221 3569 351 3652 piorum
371 3569 547 3631 vindictam
559 3571 786 3656 ‘expetentium
798 3595 896 3658 porro
913 3595 1040 3637 semer

8 3629 44 3726 ili·
59 3645 84 3715 6,
97 3655 197 3726 9-11.)
219 3655 388 3718 ascendere
409 3651 606 3734 cogitantur:
629 3679 705 3742 quas
727 3654 792 3752 jam
808 3661 845 3722 in
866 3661 959 3722 altari
979 3597 1039 3720 deo

9 3729 37 3775 ac
55 3726 86 3784 ab
106 3737 214 3816 angelo
238 3740 374 3825 quodam
397 3742 480 3802 coeli
498 3742 660 3804 sacerdote
682 3745 793 3806 offerri
813 3747 1040 3831 conspicimus,
1181 3803 1184 3814 ¹

7 3809 32 3857 tl
46 3800 138 3878 fumus
158 3819 272 3886 densus
294 3825 442 3889 ascendat
461 3828 721 3915 thuribulumque
736 3833 811 3911 igne
829 3832 891 3892 hoc
909 3831 1043 3892 coelesti
1063 3887 1066 3896 .

9 3889 135 3979 rillesum
154 3907 188 3971 in
209 3917 326 3977 terram
346 3907 504 4012 dejectum
523 3915 667 3977 tonitrua
691 3927 724 3978 et
743 3927 845 3978 terrae
861 3929 968 3978 ructus
982 3937 1043 3978 ex·
1126 3909 1128 3920 '

10 3981 76 4106 “snei
130 3987 179 4055 Sic
190 3996 299 4077 'igitur
320 4001 450 4082 piorum
471 4021 581 4084 preces
603 4001 766 4079 exaudiri,
793 3999 875 4063 iram
897 4001 1043 4064 divinam

24 4072 109 4130 tatere
136 4077 283 4168 signaque
311 4095 344 4146 et
371 4086 478 4146 omina
497 4087 564 4147 irae
584 4083 681 4182 hujus
702 4089 739 4150 in
762 4097 846 4148 terra
866 4088 1043 4150 saeviturae

16 4153 168 4246 Praenuncia
195 4169 330 4232 excitari
359 4169 524 4264 videntum
553 4184 650 4258 utque
679 4169 764 4236 infra
794 4183 844 4248 11,
868 4181 990 4250 19.15,
1012 4186 1043 4244 ὅ.
