2572 4868
46 401 48 404 -
104 360 146 434 11.
169 359 344 433 visiones.
394 359 437 430 11.
465 374 501 440 3.
552 361 641 455 cap.
664 371 886 450 nra-13.
966 355 1039 454 197

8 545 75 612 idern
94 545 152 610 illa
176 543 292 610 sedula
313 557 346 608 et
365 543 493 630 poetica
513 544 568 607 hic
589 537 736 610 consulto
763 545 884 614 omissa
906 545 1039 611 dicenda

8 641 54 710 int,
92 655 150 718 qua
185 643 300 696 vatem
331 632 460 718 saepius
495 629 686 715 praedicatis
717 633 867 712 gravibus
900 644 933 694 et
960 637 1038 696 satis
1062 654 1064 662 ’

9 721 122 781 istinctis
141 719 280 780 nomina
302 717 561 779 circumscribere
583 719 711 802 saepius
729 711 798 814 jam,
812 728 960 780 notatum
977 730 1037 783 est.

8 805 117 866 licuntur
136 816 245 866 autem
266 802 337 866 duo,
354 803 412 862 isti
431 813 588 882 martyres
611 803 697 864 intra
718 815 845 888 tempus
861 804 953 878 illud,
973 827 1034 892 quo

8 891 42 950 rbs
72 901 176 952 sancta
207 909 227 949 a
270 889 447 968 gentilibus
485 887 665 973 occupanda
701 900 733 950 et
766 884 964 974 profananda
992 893 1035 953 sit

8 995 23 1035 r.
33 985 57 1044 2.
69 973 111 1058 3.)
130 976 154 1036 i.
169 996 199 1036 e.
222 994 327 1060 usque
343 973 382 1040 ad
397 968 659 1042 adventurmfere
673 971 813 1036 Messiae
830 974 970 1036 vindicis
982 971 1037 1050 (cf.

8 1070 115 1129 .t3-15.
131 1064 181 1136 13,
197 1072 231 1130 5.
252 1061 365 1146 ibique
385 1055 557 1140 notanda),
574 1059 612 1122 in
631 1062 710 1122 urbe
731 1061 790 1122 hac
807 1061 889 1145 ipsa,¹
910 1083 1038 1124 morum

8 1165 44 1206 rin
64 1148 237 1230 pravitate,
283 1167 301 1208 e
330 1144 503 1226 gentilium
528 1146 737 1229 potissimum
774 1147 923 1238 contagio
958 1159 1037 1224 orta,

8 1251 83 1292 uuna
103 1233 276 1311 laborante
299 1225 347 1316 (v.
368 1236 499 1306 7—10.)
521 1229 561 1290 ad
577 1253 685 1294 mores
706 1232 905 1294 orationibus
925 1235 1038 1310 grati*

8 1336 32 1375 us
54 1315 266 1380 emendandos
297 1316 499 1401 dlessiaeque
528 1315 628 1395 igitur
648 1317 803 1379 adventui
824 1319 950 1392 animos
972 1318 1037 1384 ho-

8 1401 85 1463 rinum
116 1402 360 1488 praeparandos
380 1405 422 1464 'et
451 1401 660 1486 instruendos
691 1403 735 1464 ita
761 1401 922 1486 prodituri
952 1425 1035 1480 esse,

8 1488 204 1552 locationum
235 1499 272 1550 et
298 1488 522 1550 hortationum
547 1487 617 1548 vim
646 1483 804 1548 sactorum
824 1489 982 1552 mirorum
1003 1501 1036 1552 et

8 1573 126 1634 ctestatis
153 1573 323 1636 divinitus
344 1573 387 1634 iis
413 1573 453 1657 ad
472 1575 617 1640 muneris
636 1573 821 1660 prophetici
843 1575 1034 1654 gravitatem

8 1659 131 1733 rgentum
166 1659 264 1721 datae
297 1661 439 1722 surnniae
466 1659 1034 1744 speciminacomitentursinsignia

8 1761 24 1798 t·
40 1750 64 1809 5.
81 1741 145 1829 6.),
178 1744 289 1808 donec
316 1744 446 1806 taudem
476 1765 499 1824 a
519 1745 691 1824 gentilium
710 1745 858 1829 principe
879 1747 976 1808 occisi
997 1747 1033 1809 in

8 1825 84 1889 selum
108 1829 243 1892 redeant
273 1825 500 1908 (v.11.12.),
536 1831 641 1914 spatio
672 1831 772 1909 igitur
792 1831 852 1892 illo
876 1852 1035 1894 annorum
1128 1873 1131 1884 ‚

8 1914 191 1999 trareterlapso',
215 1913 421 2001 adventuque
445 1914 600 1992 Moesiae,
620 1926 658 1977 ut
677 1912 772 1978 facile
793 1917 912 1978 exinde
933 1939 1034 2002 appa-

8 2003 40 2067 tl,
53 2002 193 2080 proxime
212 2003 369 2063 instante.
413 1997 505 2084 Quae
523 2002 552 2061 si
565 2003 674 2062 omnia
687 2014 924 2086 computamus,
947 2000 1033 2064 lraud

8 2083 93 2144 »intuo
113 2084 344 2160 dubitandum,
367 2087 446 2170 quin
466 2097 556 2148 vates
568 2084 689 2149 Eliam
709 2089 902 2172 prophetam
915 2087 1033 2151 alium-

8 2183 40 2242 [te
58 2163 112 2262 ejus
136 2173 286 2248 socium,
315 2171 406 2232 velut
427 2171 636 2246 Herrochum,
656 2173 711 2232 bic
732 2174 886 2236 innuerit.
926 2171 1047 2239 Eliam'

8 2249 58 2311 bitu
80 2266 128 2316 aut
158 2259 274 2332 solum
307 2269 362 2318 aut
391 2256 456 2318 alio
485 2257 645 2343 propbeta
672 2278 771 2342 aeque
799 2260 883 2322 claro
913 2255 1040 2322 comite'

8 2331 77 2398 ltimo
96 2355 244 2429 tempore
258 2341 403 2404 lllessiae
422 2341 576 2404 adventui
596 2345 730 2428 praevio
754 2345 789 2406 in
810 2357 896 2406 terra
915 2348 1032 2408 iterum

9 2425 175 2512 ppariturum
205 2449 280 2491 esse
302 2429 415 2514 opinio
440 2439 490 2506 est
511 2439 696 2512 temporum
718 2429 853 2492 illorum
874 2431 1033 2511 vulgatis-

9 2521 65 2584 11tt,
83 2533 157 2596 quae
177 2532 244 2604 quo
268 2519 295 2575 e'
307 2509 399 2576 sonte
421 2524 491 2574 orta
510 2515 680 2600 paullatim
696 2513 793 2575 latius
808 2519 1034 2602 proserpserit,

9 2597 171 2674 tquonodo
195 2605 215 2662 'a
237 2610 311 2662 vate
333 2601 369 2660 in
391 2619 467 2660 suos
488 2603 533 2660 sit
557 2598 701 2662 adhibita
715 2616 826 2676 susus,
856 2606 965 2687 paucis
986 2605 1033 2664 sic

9 2677 78 2760 ccipe.
119 2683 229 2748 Eliain
258 2685 452 2770 prophetam
472 2684 512 2746 ad
531 2683 683 2747 homines
704 2705 824 2769 pravos
852 2688 1032 2750 edocendos

9 2773 131 2831 tterrarn
160 2787 329 2834 reversum
357 2768 493 2856 Messias
517 2765 674 2854 proxime
689 2771 866 2834 adventino
888 2776 1032 2858 praeitu-

8 2861 138 2934 Jtuesse,
172 2853 301 2942 primus
322 2867 475 2941 quantum
498 2857 614 2919 scimus
635 2857 735 2918 linxit
755 2855 833 2918 illel.
853 2868 883 2933 3,
906 2868 957 2929 23.
978 2863 1031 2928 24,
1125 2883 1127 2887 ·

8 2933 30 3008 ir
43 2936 88 3018 l),
110 2951 145 3001 ut
164 2944 203 3006 in
221 2939 382 3004 Malachia
404 2943 458 3003 vel
479 2941 648 3004 inactatis
670 2942 783 3007 saltem
806 2936 876 3038 ejus
896 2945 1029 3023 ingenio

8 3023 82 3112 rtnspe
106 3027 250 3110 primum
272 3027 441 3112 opinionis
462 3021 559 3122 hujus
580 3023 705 3090 fontem
726 3047 888 3109 agnoscas
940 3026 1032 3112 Quid

8 3117 57 3166 mm
73 3113 175 3193 aptius
198 3126 232 3176 et
253 3111 385 3174 suavius
404 3123 459 3174 aut
487 3134 544 3196 spe
566 3125 620 3174 aut
640 3124 719 3175 voto
743 3115 870 3199 concipi
894 3125 1029 3200 poterat,

8 3205 60 3268 ,ullu
85 3197 142 3260 deo
171 3201 229 3286 vel
251 3197 391 3262 Messias
418 3193 544 3294 justitia
574 3220 697 3268 summa
725 3211 758 3260 et
778 3221 884 3284 poena
902 3211 1031 3262 strenua

8 3271 54 3336 ulli
67 3285 147 3345 sonti
161 3287 309 3372 parcente
328 3281 505 3346 adventure
527 3285 720 3370 prophetam
735 3307 866 3365 gravem
882 3307 1031 3370 praeces-

8 3375 73 3426 trmn
85 3387 169 3447 esse,
191 3373 248 3458 qui
265 3369 416 3432 homines
433 3383 614 3455 praeparet,
636 3373 789 3447 instruat,
811 3372 974 3447 hortetur,
994 3381 1031 3433 ut

8 3451 126 3516 resaluta
147 3457 301 3542 proxima
322 3475 379 3531 sua
399 3475 470 3516 sese
491 3458 622 3540 privent
642 3457 745 3540 culpa.
787 3453 929 3542 Curaque
947 3459 1029 3519 circa

8 3523 136 3602 lalachiae
156 3555 303 3628 tempora
319 3541 440 3622 seriora
456 3541 634 3626 prophetae
655 3541 766 3604 coaevi
788 3537 855 3604 fere
877 3542 1030 3604 exstincti

8 3623 34 3712 ut
55 3625 182 3690 minoris
210 3626 377 3690 aestumati
397 3636 522 3702 essent,
545 3627 676 3710 pristini
697 3647 775 3688 vero
798 3627 919 3690 dudum
939 3649 1030 3691 mor-

8 3707 30 3756 it
53 3708 179 3788 plurima
210 3711 384 3794 gauderent
414 3711 618 3789 auctoritate,
653 3712 730 3798 qui-d
760 3713 878 3774 mirum
903 3712 1030 3814 quode

8 3791 131 3870 tophetis
160 3801 213 3861 his
241 3798 390 3884 pristinis
416 3795 524 3858 Eliam
544 3797 770 3877 gravissimum
791 3809 823 3859 et
843 3794 934 3861 factis
957 3797 1028 3877 sin-

8 3867 126 3942 gularibus
152 3874 392 3950 celeberrimum
421 3903 439 3944 e
473 3882 582 3959 coelo,
614 3905 677 3968 quo
701 3883 888 3946 ¹ascenderat
916 3886 964 3958 (v.
987 3881 1027 3944 ad

8 3965 90 4044 l512),
107 3968 143 4030 ad
162 3970 390 4052 gravissimum
410 3969 473 4028 hoc
494 3969 733 4055 exsequendum
746 3991 862 4031 munus
881 3967 1027 4054 prophe·

8 4053 72 4106 ¹⁰⁰1ss
100 4052 132 4118 in
159 4071 273 4120 terram
306 4053 484 4116 rediturum
519 4075 589 4116 esse
618 4063 770 4140 cuperent
790 4054 1042 4138 'crederemque

8 4127 134 4215 paullatim
157 4137 275 4223 multi?
305 4139 420 4226 Sicque
451 4139 530 4208 haec
557 4138 641 4226 apud
664 4139 854 4204 illalachiam
871 4146 1028 4224 expressa

286 4239 291 4268 i
641 4265 650 4271 ,
