2576 4864
211 301 215 307 ⁵
281 321 385 402 128·
526 314 554 385 l.
585 313 831 384 Prooemium.
884 313 971 414 Cap.
990 325 1026 404 3,
1049 324 1084 398 7.
1100 283 1176 396 ,gs

259 503 338 566 'nbi
365 499 433 568 τῶν
457 489 605 587 ἀγγέλων
633 498 769 588 legitur,
809 499 946 578 conflata
972 499 1111 564 videtur.
1156 494 1191 560 Et
1206 495 1271 562 hirti

279 589 379 652 initio
403 587 501 650 etiam
521 607 555 648 v.
567 599 598 658 1.
620 583 756 648 Messias
775 603 809 646 se
827 581 886 646 dei
899 581 1132 670 potestatibus
1150 585 1192 644 uti
1206 584 1269 644 duest

285 797 288 804 ι
364 765 396 828 6.
418 768 450 834 3,
473 764 590 826 7-13.
620 753 669 818 Ιη-
682 755 814 817 ecclesia
836 745 1124 838 Philadelpheia,
1145 776 1211 840 quae
1225 754 1271 814 urhe

279 843 447 908 conditore
468 837 581 904 Attalo
603 840 821 926 Philadelpho
841 839 994 918 Pergami
1013 861 1088 920 rege
1118 863 1220 905 nornen
1233 847 1267 897 uta

279 943 344 1006 est,
373 927 553 991 Christiani
580 919 684 1013 neque
707 941 725 988 e
746 925 921 1007 gentilibus
948 925 1050 986 inulta
1071 929 1206 1011 perpessi
1221 921 1264 984 sile

277 1028 350 1090 tur,
396 1035 501 1100 neque
529 1014 567 1076 in
594 1015 752 1076 virtutum
778 1011 885 1074 studio
919 1004 1103 1090 defatigati:
1139 1011 1189 1074 sed
1214 1019 1266 1070 crete

277 1101 490 1165 christianum
521 1100 582 1180 pix
613 1110 798 1160 nascentem
826 1107 858 1157 et
883 1109 1076 1159 crescentem
1108 1099 1193 1178 (ult.
1214 1115 1270 1180 prm

278 1191 363 1278 ἔχεις
390 1177 551 1269 δύναμιν)
580 1183 774 1248 ludaeorum
804 1177 909 1265 (εἷα,
925 1175 973 1266 9.)
1001 1185 1149 1268 superbie
1167 1194 1195 1245 et
1213 1177 1275 1241 inuh

276 1269 470 1346 infestabat3
492 1291 588 1357 quam
608 1291 679 1333 cum
701 1267 882 1332 Christiani
904 1261 1040 1355 fortiter
1060 1271 1217 1331 tolerantes
1231 1261 1275 1325 ald

278 1379 335 1420 sua
355 1355 473 1420 tuenda
495 1355 597 1418 nullis
617 1357 775 1419 conviciis
802 1365 843 1430 et*
858 1355 1085 1416 vexationibus
1107 1356 1275 1416 detererem

178 1479 184 1488 ·
275 1443 441 1506 lohannes
461 1453 527 1504 tam
547 1449 617 1504 acre
638 1441 781 1504 studium
802 1437 986 1501 collaudans
1010 1451 1042 1500 et
1066 1439 1105 1501 ad
1127 1441 1223 1502 altiore
1237 1433 1275 1498 ui

275 1542 348 1592 tans
378 1551 472 1614 spem
498 1529 661 1612 imprimis
692 1521 771 1589 facit
798 1521 869 1586 sore
901 1536 938 1584 ut
959 1546 1039 1586 mox
1062 1524 1222 1588 Christiani
1235 1523 1276 1582 retu

275 1619 342 1678 suis
373 1613 513 1678 adauctis
541 1634 575 1674 se
608 1613 738 1674 ludaeis
767 1610 956 1696 ‘superiores
987 1612 1197 1696 conspiciant,
1232 1619 1277 1692 utpt

174 1714 177 1718 ’
273 1701 388 1785 Judaei
420 1703 492 1786 ipsa
526 1699 585 1760 hac
615 1696 770 1784 speranda
791 1695 1052 1782 Christianorum
1073 1719 1156 1760 nunc
1176 1698 1286 1759 obtenu

272 1809 324 1850 res
344 1787 400 1848 des
425 1796 568 1848 ectoruur
589 1785 804 1870 prosperitate
826 1783 911 1846 moti
933 1783 1095 1844 vitiasua
1116 1794 1274 1848 summates·

174 1937 178 1946 ,
214 1875 231 1953 f
271 1876 377 1936 rentia
393 1809 588 1946 Christianis
611 1868 802 1932 exhibenda
814 1866 982 1930 emendare
1004 1867 1161 1932 studeant.
1189 1859 1287 1948 ‘Olet

270 1961 396 2064 (¹557ss
420 1975 568 2048 Hos-11,
590 1985 621 2048 9·
646 1973 727 2036 Hah.
746 1984 777 2050 3,
799 1983 830 2044 3.
852 1972 959 2058 poetis
983 1973 1072 2036 haud
1097 1997 1166 2038 raro
1184 1959 1276 2046 estes]

267 2069 428 2134 sanetus,
457 2061 512 2146 qui
535 2062 575 2122 ob
599 2063 703 2145 ipsam
724 2059 1036 2122 suarn'sanctitatem
1057 2055 1203 2159 injuriam
1218 2053 1276 2117 onis·

268 2145 367 2206 tianis
397 2166 415 2206 a
444 2146 589 2232 superbis
618 2145 747 2208 Judaeis
762 2145 900 2208 'illatam
927 2132 1110 2224 ulciscitur,
1142 2125 1276 2226 literni

245 2269 247 2276 ,
266 2247 309 2292 ex
331 2243 359 2304 1,
379 2237 410 2298 5..
432 2231 603 2318 promissis
625 2235 691 2293 suis
714 2231 753 2292 de
775 2233 864 2292 beata
892 2229 1023 2316 piornrn
1046 2245 1138 2296 sorte
1157 2243 1235 2302 stant,
1255 2217 1274 2282 Μ’

267 2315 384 2390 deinde
405 2337 437 2388 v.
455 2327 507 2387 12.
528 2317 657 2380 uberius
679 2316 882 2378 describe-tur.
926 2313 1025 2398 Quod
1039 2316 1173 2381 Messias
1188 2305 1272 2377 nich

225 2437 233 2446 ·
265 2398 360 2465 vidis
383 2399 660 2482 clevemgestare
681 2401 815 2478 dicitur,
837 2403 987 2464 haustum
1006 2405 1140 2488 quidem
1154 2413 1196 2466 est
1206 2421 1233 2462 ex
1241 2395 1273 2452 tro

204 2502 210 2506 ·
266 2484 332 2548 Jes.
340 2495 391 2560 22,
403 2497 455 2557 22.
478 2484 602 2564 (clavis
610 2485 835 2573 domus‚'quae
847 2509 915 2548 vox
925 2488 978 2549 hic
990 2480 1164 2566 omittitur,
1174 2472 1272 2550 Davidr't)

265 2569 434 2633 atudaeis
465 2570 584 2634 dudum
611 2573 648 2636 in
669 2569 819 2634 lllessiar'n
839 2573 1011 2649 translato,
1044 2575 1103 2638 sed
1127 2577 1268 2638 rrovotttt‘l

171 2685 174 2690 ¹
264 2657 363 2720 inodo
385 2657 440 2721 hic
454 2661 658 2721 enunciatum
673 2660 862 2744 reperimus.
905 2658 947 2719 Ut
960 2662 1047 2721 enim
1059 2653 1192 2724 Messias
1203 2647 1265 2717 omniu

263 2741 426 2825 Davidem
454 2739 555 2805 refert
585 2741 629 2828 (5,
651 2751 682 2813 5.
704 2753 757 2814 22.
781 2738 862 2826 16.)‚
899 2745 945 2806 ite
970 2754 1181 2828 potestatem
1208 2743 1268 2824 quoque

246 2822 368 2923 ¹(cujus
399 2829 529 2908 signum
557 2813 667 2892 elahis
690 2843 737 2891 est
758 2826 799 2891 cs.
820 2829 859 2890 ad
881 2841 909 2908 1,
934 2837 996 2905 18.)
1010 2831 1054 2892 ⁴in
1077 2843 1181 2894 totum
1198 2815 1273 2890 Drnlu

262 2933 399 2994 regnum
425 2935 572 2976 exercere
601 2915 754 2994 fingitur,
786 2917 831 2976 ita
860 2925 895 2976 ut
924 2915 1052 2996 ludaeis
1085 2919 1181 2979 etiam
1198 2905 1276 2992 impare!

262 3019 382 3084 eosque
404 2997 605 3061 Christianos
629 3001 776 3068 venerari
796 3019 908 3080 cogere
928 3004 1033 3088 possit
1051 2998 1101 3065 cf:
1118 3023 1150 3065 v.
1163 3009 1220 3073 8-2
1249 2987 1276 3048 5⁸⁴

260 3087 391 3170 quentia
412 3075 477 3182 qui
494 3082 611 3170 aperit
631 3082 727 3146 nullo
749 3084 930 3148 claudente
952 3099 1009 3148 etc.
1029 3087 1068 3149 in
1090 3109 1187 3170 genus
1202 3073 1278 3168 quidet

254 3177 444 3254 potestatis
464 3181 589 3230 tanturn
604 3167 785 3254 perfectae
805 3172 980 3252 imaginem
1000 3165 1133 3258 plenam
1156 3173 1267 3235 sistunt

258 3255 325 3316 des.
341 3265 392 3331 22,
412 3265 485 3332 223
506 3256 518 3316 i
543 3277 577 3316 se
596 3267 703 3316 tarnen
724 3257 863 3342 scriptor
884 3261 994 3320 statim
1015 3279 1046 3319 v.
1059 3271 1090 3329 8.
1114 3259 1152 3322 ad
1170 3247 1280 3332 singulus

259 3339 339 3427 quid
353 3335 470 3403 refert.
519 3277 579 3402 list
601 3342 690 3402 enim
710 3340 833 3415 locutio
863 3341 956 3405 inter
977 3347 1144 3428 apostolos
1164 3343 1227 3404 satis
1243 3326 1281 3420 stt}

258 3443 377 3516 quens:
402 3433 547 3511 portum
564 3419 660 3510 fidei
687 3424 829 3512 operuit
856 3425 940 3489 derce
968 3431 992 3491 i.
1013 3451 1041 3491 e.
1064 3431 1161 3492 efficit
1182 3440 1208 3487 ut
1224 3413 1281 3482 mlh

256 3511 371 3596 ludaei
400 3512 456 3573 vel
483 3511 620 3590 gentiles
640 3509 810 3572 ,introeant
841 3511 878 3574 in
904 3511 1001 3576 fidem
1030 3516 1226 3578 christianam
1240 3499 1282 3564 Ati

256 3603 308 3673 14,
323 3606 381 3667 w27·
406 3594 570 3672 1001··16‚
590 3607 621 3670 9·
642 3593 746 3667 icor.
769 3607 800 3673 r.
824 3607 874 3669 12.
897 3595 966 3660 cor.
980 3604 1010 3676 4,
1032 3611 1065 3671 3,
1089 3604 1185 3682 rgnur
1203 3589 1281 3680 arm

255 3672 402 3772 ἐνώπιόν
421 3673 605 3766 σονῄθνραν
627 3675 843 3769 ἀνεῳγμένην
855 3704 897 3745 ex
922 3685 986 3746 hoc
1007 3686 1174 3749 doctorum
1193 3678 1281 3742 christ·

254 3789 390 3830 onorum
414 3789 474 3828 usu
503 3769 628 3829 innuit:
656 3772 786 3830 nemine
807 3768 1004 3854 impediente
1023 3771 1155 3834 efficiam
1175 3778 1207 3830 ut
1224 3769 1279 3847 quart

212 3901 214 3906 ,
252 3854 389 3940 plurimi
409 3851 508 3915 fidem
529 3851 737 3918 christianam
759 3855 942 3940 amplexuri
964 3857 1003 3918 ad
1025 3869 1056 3919 te
1075 3879 1109 3921 se
1130 3847 1277 3918 convertat

252 3949 289 4000 ut
310 3937 437 4001 inimici
458 3941 507 4000 tui
529 3949 561 4000 te
584 3951 794 4017 venerentur,
825 3941 860 4002 id
883 3943 967 4028 qued
989 3944 1133 4030 sequenti
1154 3958 1234 4002 versu
1254 3925 1276 3986 dt

252 4024 389 4087 lucidius
412 4026 483 4087 sine
505 4025 645 4104 imagine
668 4026 872 4111 exprimitur.
902 4023 987 4090 ·Alii
1004 4031 1178 4112 'imaginem
1195 4043 1222 4082 v·
1235 4017 1280 4083 id·

240 4113 294 4173 ‘ita
318 4113 500 4198 explicant,
520 4121 562 4206 .¹¹t
583 4129 717 4192 regnum
738 4111 888 4177 divinum
908 4137 934 4175 s.
953 4113 1146 4178 Messianum'
1162 4101 1282 4171 descritu-
