2576 4864
144 365 169 436 1.
193 343 441 448 cloacarum.
507 365 593 462 cap.
617 377 653 456 c,
680 374 845 464 18-*901
894 399 898 416 ,
960 381 1032 450 nr

7 559 88 628 3,-91.
117 545 281 612 candidu
302 559 350 612 est
371 569 497 629 gemma
522 569 549 610 s.
578 547 781 634 splendens,
815 550 899 622 sicut
926 552 1036 617 omnia

10 657 53 696 uae
77 633 107 704 ad
138 645 293 696 ornatum
324 635 411 696 hunc
446 635 618 698 coelestem
637 639 820 722 pertinent,
859 649 896 699 ut
924 632 1036 702 vestes

7 715 122 780 *srdidae
142 740 175 780 v.
199 717 239 782 ad
259 729 294 797 3,
308 728 339 794 5.
383 713 475 804 Quid
497 732 603 785 autem
625 723 795 786 sublimius
811 745 906 810 quam
917 720 1035 806 Chris7

7 807 69 866 lacos
86 807 150 889 pios
173 827 293 868 omnes
313 805 427 870 eodem
449 829 512 892 quo
534 807 615 870 olim
637 807 784 872 sacerdos
807 829 950 894 summus
978 803 1035 893 (cf,

7 884 65 974 ‚bl
88 889 173 952 nodo
202 891 306 956 deum
336 890 552 973 cognoscere?
584 891 649 956 Nec
668 895 752 984 male
773 915 923 976 monae
943 887 1036 990 juxta

7 995 72 1034 ream
86 973 257 1040 reconditae
282 977 376 1040 decus
397 978 515 1043 summi
535 977 709 1043 sacerdotis
731 975 1035 1046 sanctum-sancto—

10 1080 51 1120 urn
67 1060 193 1124 intrantis
219 1058 421 1164 adjungitur.

56 1232 78 1300 l·
98 1241 122 1308 2,
140 1244 301 1309 18-29:
352 1223 448 1318 Quair
473 1255 545 1298 uam
565 1255 633 1298 non
654 1245 780 1298 constat
801 1257 865 1322 quo
887 1244 953 1296 tem
979 1237 1034 1297 ora

7 1311 87 1376 ondita
103 1319 142 1378 sit
157 1314 418 1406 sllzyntirorn'm
440 1258 493 1410 (de
513 1323 590 1382 urbe
611 1321 751 1402 ignobili
772 1341 805 1382 v.
825 1317 936 1406 Steph‘.
954 1255 1035 1398 liyz.

8 1397 53 1458 ·h·
71 1396 107 1486 v.)
128 1405 285 1483 ecclesia,
315 1409 438 1492 primis'
456 1413 563 1470 tamen
583 1398 649 1502 jam
670 1407 718 1485 rei
739 1405 933 1468 christianae
950 1417 1036 1466 tem-

7 1484 91 1547 oribus
110 1501 178 1552 ante
204 1493 375 1578 scriptum
389 1495 451 1554 hoc
473 1513 554 1578 opus
574 1495 624 1556 ibi
646 1493 797 1554 floruisse
818 1502 945 1553 coetum
969 1491 1034 1551 ali-

8 1587 61 1628 uen
83 1593 117 1634 ex
135 1575 196 1638 hac
221 1579 366 1664 epistola
386 1579 463 1641 satis
484 1579 605 1656 clucet3
632 1571 742 1639 forsan
763 1575 883 1662 Lydia,
912 1597 956 1638 ex
974 1577 1034 1640 hac

9 1653 48 1712 rbe
63 1654 165 1736 Lydia,
188 1675 227 1724 ut
253 1665 398 1742 videtur,
426 1663 601 1750 Philippos
621 1657 773 1750 prosecta*
788 1663 834 1726 ibi
857 1681 897 1722 ue
919 1659 1036 1723 Chris-

7 1735 114 1806 iauauam
139 1747 243 1812 fidem
279 1747 386 1833 studio
412 1739 565 1812 laudabili
592 1749 741 1836 arnplexa
762 1759 794 1810 et
816 1685 878 1832 dil,

7 1825 103 1916 &illuto
118 1825 200 1904 Act.
227 1841 283 1910 16,
308 1840 357 1906 14·
382 1842 433 1906 15.
462 1836 498 1898 in
518 1837 655 1922 patriam
676 1837 788 1897 urbem
808 1833 912 1896 redux
932 1831 1035 1900 eccle-

7 1923 53 1969 sian
73 1916 218 1984 condidit.
275 1918 455 1984 Christiani
481 1923 528 1986 ibi
557 1916 686 1986 laudem
708 1919 1037 2008 quidemrvirtutibus

881 1747 953 1809 aulo
978 1745 1037 1808 diu
1103 1771 1108 1776 ·

7 1993 94 2060 caritatis
109 2016 243 2072 mutuae
268 2018 301 2070 et
322 2007 518 2070 constantiae
538 2018 722 2070 meruerant
742 2005 821 2068 adeo
838 2015 875 2066 ut
894 2003 1038 2067 studium
1122 2006 1125 2010 ’

7 2073 55 2138 idei
74 2085 263 2166 christianae
296 2091 402 2156 indies
434 2097 605 2156 clesceret:
648 2091 705 2154 sed
735 2090 836 2153 iidem
864 2090 1038 2154 mulierem

7 2163 109 2240 tundam
127 2173 369 2242 Nicolaitarum
396 2191 565 2265 praecepta
594 2177 870 2241 commendantem
903 2177 1038 2260 impune

7 2251 56 2345 passi
76 2272 155 2322 erant
185 2263 230 2326 ad
271 2285 396 2327 errores
424 2285 500 2326 suos
530 2265 687 2351 quosdam
718 2261 914 2350 seducere.
944 2256 1038 2350 Unde

8 2331 102 2401 cudibus
130 2348 298 2412 virtutum
323 2351 510 2438 praemissis
530 2351 671 2430 graviter
691 2347 728 2410 in
748 2347 920 2412 mulierem
940 2347 1037 2414 istam

7 2423 21 2509 il
34 2439 124 2501 llutos
144 2427 218 2528 ejus
235 2457 387 2522 sequaces
412 2435 581 2500 invehitur
599 2446 725 2509 auctor,
747 2429 978 2506 ceterosmodo
992 2453 1035 2496 ne

7 2501 81 2595 tuden
90 2521 253 2582 erroribus
269 2523 374 2608 abripi
386 2541 419 2584 se
434 2515 606 2612 patiantur,
621 2517 732 2602 felices
749 2515 820 2582 fore
836 2515 1036 2603 praedicans.
1118 2602 1120 2611 Α

7 2608 88 2670 ‚⁰¹¹¹ssss
113 2591 129 2664 ὅ
156 2598 234 2680 υἱὸς
264 2606 324 2673 τοῦ
344 2602 431 2673 deoc]
461 2629 503 2670 ex
531 2605 584 2668 Ps.
606 2618 636 2683 Q,
659 2615 691 2675 7.
721 2603 1035 2691 hausturnjludaeos

7 2683 45 2756 bt]
62 2691 121 2745 aute
146 2683 277 2770 lesum
291 2703 402 2754 uatum
429 2691 565 2760 lilessiae
586 2691 711 2757 dedisse
741 2701 829 2777 patet
861 2710 904 2752 ex
930 2687 1038 2750 nobili
1093 2738 1096 2748 .

7 2757 51 2822 lucc
68 2763 181 2839 Enoch.
206 2779 282 2853 104,
303 2789 334 2848 2.
362 2773 403 2840 cs.
424 2776 521 2848 4Esr.
545 2787 595 2855 13,
616 2787 669 2848 37.
689 2785 742 2847 52.
771 2775 887 2838 Sohar.
909 2773 948 2836 ad
968 2772 1035 2836 Jes.

13 2852 80 2918 illl·
102 2869 130 2916 et
157 2857 266 2924 Iussu
288 2885 402 2926 comm.
425 2865 461 2927 in
484 2863 593 2926 l'aour
617 2860 864 2936 Memorabilien
892 2857 932 2922 Τ.
955 2856 1034 2922 VH.

9 2947 30 3028 Ρ;
39 2941 76 3002 135
94 2957 126 3028 sq
152 2988 159 3004 ·
183 2947 225 3008 de
249 2949 304 3033 φλ.
326 2957 403 3033 nub.
425 2961 457 3012 et
477 2945 648 3038 χαλκολιβ.
675 2967 707 3010 v.
729 2946 768 3008 ad
793 2957 825 3038 l,
848 2946 898 3014 14·
921 2952 971 3038 i5·
990 2977 1034 2992 -··

9 3007 81 3091 ldb·
107 2964 234 3096 idmori
255 3052 342 3116 ergo
356 3049 529 3120 pauperes
550 3022 683 3120 (ἀγαπῆ
703 3053 736 3094 v.
751 3025 797 3115 4.)
822 3031 902 3092 bene
923 3031 1037 3125 jungi·¹
1075 3045 1081 3054 ·

7 3103 36 3159 ll
55 3103 194 3182 διακονία
214 3116 443 3196 sustentatio,
473 3113 636 3204 imprimis
657 3137 753 3179 seusu
775 3117 955 3178 christiano
970 3127 1038 3180 'eo-

8 3201 43 3264 lle
57 3211 129 3260 novo
143 3203 333 3276 sublevatio
354 3225 532 3289 pauperum
545 3203 710 3268 beneficiis
725 3199 896 3282 erogandis
910 3195 950 3261 cf.
962 3195 1037 3271 Act,

7 3277 90 3370 ibib·
110 3288 224 3372 quibus
247 3289 384 3374 stipibus
404 3289 597 3370 colligendis
615 3279 926 3366 etadmiriistrandis
940 3307 1038 3371 prae-

7 3365 90 3430 llssllus
115 3377 295 3436 vocabatur.
315 3365 469 3448 διάκονος
479 3424 490 3453 ,
517 3397 576 3437 nec
605 3373 745 3437 discerni
758 3383 909 3458 potest„
928 3383 1037 3454 utrum

7 3431 127 3535 lohannes
146 3459 201 3522 hic
224 3459 506 3546 stipemecclesiaa
521 3455 619 3558 hujus
636 3460 746 3522 usibus
760 3458 970 3535 destinatam,
995 3481 1037 3524 an
1137 3523 1139 3530 ,

7 3531 87 3625 illim
104 3560 240 3608 annuam
257 3544 566 3624 Hierosolymitanis
587 3545 699 3625 colligi
716 3545 847 3606 solitam
870 3541 985 3630 (QCor.
1004 3555 1036 3623 9,

12 3601 36 3708 ll
48 3623 248 3712 uellerent,
270 3631 469 3717 probabilius
487 3643 594 3696 tamen
606 3632 776 3716 posterius
792 3651 860 3692 non
882 3643 944 3708 est,
964 3651 1036 3692 cum

10 3705 66 3768 llus
86 3727 145 3800 lam
168 3717 204 3780 in
236 3719 315 3778 v'oce
343 3707 459 3802 ἀγαπή
479 3720 692 3780 contineatur.
718 3715 763 3764 -·‘
805 3715 921 3790 V.‚·20·⁴
941 3705 1037 3798 ἀφεῖς

10 3769 60 3878 lenc
75 3799 204 3880 explicat
225 3803 334 3882 glossa
354 3823 522 3887 perperam
550 3803 586 3868 in
606 3803 724 3864 multas
742 3799 813 3864 edd.
834 3811 961 3884 recepta
982 3797 1038 3884 ε’ᾇς

8 3875 82 3944 ”⁶2⁸2
99 3901 161 3949 non
180 3887 329 3974 repudias
347 3899 379 3949 et
400 3887 550 3950 dimittis.
590 3887 709 3956 Mulier
731 3886 930 3962 haeceadem
941 3905 1038 3970 pror-

9 3958 43 4006 sus
58 3967 145 4030 carnis
166 3977 324 4037 sacrificae
346 3993 417 4036 esus
438 3973 581 4060 indeque¹
594 3976 681 4042 ritae
699 3993 869 4058 perversae
891 3982 923 4035 et
938 3967 1037 4047 lasci:
1079 4004 1093 4026 ·¹

10 4043 47 4093 ile
64 4058 362 4144 Praeceptadedisse
383 4057 512 4122 videtur
530 4081 613 4146 quae
635 4059 811 4124 Nicolaitae
832 4053 1039 4124 conuuenda-

11 4107 75 4205 hnc,
92 4148 124 4198 ‘et
150 4166 326 4232 quanquam
357 4165 420 4208 uua
448 4145 485 4210 in
502 4147 643 4215 ecclesia
670 4147 734 4208 hos
762 4141 1037 4228 erroressparsit,
