2572 4868
127 347 170 420 Π.
195 303 375 416 Visiones.
418 331 512 434 Ἰ.3,
539 358 574 423 1.
628 345 902 450 βαρ.7,,1-8.
954 317 1059 430 ὶ1153
1156 407 1158 412 .

12 550 139 594 umerum
154 529 272 615 sigillo
289 529 404 596 divino
421 527 691 604 muniendorum
716 540 749 591 et
763 551 941 618 quanquam
955 543 1059 616 toturn

12 637 136 676 umerum
157 618 356 700 praeponit,
385 625 550 680 enumerat
570 625 675 675 tamen
700 617 740 675 oh
762 617 810 676 rei
832 617 1058 680 certitudinem
1135 668 1137 674 .

13 701 217 780 tgravitatem
240 701 389 780 singulas
410 699 562 784 deinceps
584 701 685 760 tribus
700 722 929 788 numerumque
947 705 1061 766 omui-

11 807 35 846 us
52 784 196 848 eundem.
244 785 312 848 Sed
335 787 371 848 in
392 786 454 848 hoc
475 806 609 848 numero
630 786 724 870 plura
745 787 839 849 obvia
854 801 927 849 sunt
940 800 1054 850 notatu

11 871 168 932 rarissima.
222 871 261 950 1)
285 867 384 953 Quod
408 893 426 933 e
447 869 616 934 duodecim
637 871 781 932 tribubus
804 883 927 936 tautum
947 870 1054 935 Israe'-

13 957 68 1016 licis
87 977 268 1018 numerum
290 955 520 1020 servandorum
541 966 632 1018 vates
663 958 850 1034 constituit,
882 979 950 1021 non
970 959 1054 1022 hanc

10 1042 83 1101 ‚abere
128 1053 218 1104 otest
241 1037 332 1120 vim,
354 1035 557 1106 Christianos
579 1051 702 1104 tantum
724 1064 741 1104 e
763 1041 892 1104 ludaeis
914 1054 999 1106 tutos
1021 1056 1053 1106 et

10 1137 79 1186 catus
103 1062 190 1194 iore.
249 1125 335 1190 Nem
357 1129 552 1190 christianos
574 1149 616 1190 ex
639 1128 787 1190 omnibus
812 1131 960 1208 gentibus
983 1131 1054 1191 col-

9 1222 68 1271 enus
93 1211 240 1276 salutem
265 1215 436 1300 adepturos
458 1235 528 1276 esse
551 1233 647 1299 supra
667 1205 733 1307 jam
753 1221 784 1290 5,
803 1224 834 1286 9.
856 1213 1054 1296 significavit

9 1308 72 1356 ales.
110 1296 178 1360 Res
201 1301 321 1383 potius
344 1299 390 1362 sic
414 1295 590 1380 cogitanda.
633 1295 675 1359 Ut
703 1299 836 1361 omnino
858 1301 1052 1382 religionem

9 1379 175 1448 bristiauam
196 1383 328 1447 constat
343 1385 463 1480 primis
485 1395 573 1448 ortus
596 1386 792 1470 temporibus
817 1379 1051 1472 pulaeam‘spess

8 1465 134 1532 innuen
158 1467 281 1547 statim
301 1471 473 1568 abjecisse,
495 1469 541 1530 ita
561 1469 731 1530 christiani
750 1491 768 1530 e
784 1473 957 1548 gentilibus
969 1469 1052 1534 ‘facti

8 1549 67 1613 imul
91 1551 296 1642 ludaeorum
328 1557 399 1620 non¹
425 1553 539 1632 iidem,
573 1564 605 1616 at
631 1555 711 1614 ritus
743 1566 849 1617 tamen
884 1567 916 1618 et
947 1571 1050 1620 cetera

8 1655 44 1697 ue
69 1642 174 1702 omnia
199 1651 339 1703 externa
360 1641 510 1725 amplecti
532 1640 718 1701 christianis
740 1640 922 1706 doctoribus
942 1644 1049 1726 pluri-

7 1721 39 1780 tis
70 1725 130 1787 visi
164 1737 260 1792 sunt.
297 1721 458 1790 blansit'
475 1725 607 1802 externa
634 1723 826 1788 ludaeorum
850 1725 992 1790 conditio
1015 1735 1048 1809 et

7 1825 101 1884 uuueu,
118 1809 200 1874 tide
233 1817 367 1874 mutata.
417 1807 583 1898 Imprimis
612 1831 689 1872 vero
721 1809 864 1873 doctores
893 1811 1071 1899 quosda'rri'

6 1891 118 1974 plaismi
146 1895 359 1964 amantiores*
381 1909 505 1960 constat
526 1895 726 1972 ,ludaeorum
755 1899 836 1958 ritus
865 1908 896 1958 et
926 1921 1047 1963 nomen

6 1995 27 2034 ιιι
41 1978 225 2046 christianos
247 1983 446 2060 traduxisse,
467 2005 485 2044 a
504 1983 618 2070 quibus
638 1993 673 2042 ut
690 1981 805 2043 l‘aulus
829 1993 861 2068 et
881 1981 1045 2074 lohannes
1081 2033 1086 2048 .

6 2065 130 2140 apostolus
159 2069 360 2150 longissime
388 2071 534 2143 aberant,
572 2069 617 2128 ita
647 2077 753 2128 vatem
774 2079 919 2131 nostrum
939 2069 1047 2133 minus

5 2145 106 2214 alienum
136 2173 211 2216 esse
245 2165 314 2216 tota
334 2155 412 2216 libri
433 2153 560 2216 indoles
581 2163 749 2214 monstrat.
812 2151 872 2213 llis
895 2167 1063 2218 externae·
1143 2181 1145 2188 ’
1197 2167 1203 2176 ’

5 2231 117 2312 juilaismi
136 2233 268 2302 formae
289 2235 468 2302 fautoribus
490 2261 561 2300 cum
569 2235 745 2299 Christiani
757 2257 774 2298 e
788 2227 961 2318 gentilibus
976 2241 1046 2301 col-·
1130 2235 1135 2248 ’

5 2319 52 2378 lecti
79 2323 175 2385 simul
206 2327 246 2387 in
274 2323 467 2388 Judaeorum
496 2325 617 2386 rituum
638 2335 669 2384 et
690 2309 836 2386 nominis
859 2321 1045 2388 societatem
1118 2375 1121 2384 ,

4 2399 31 2461 sic
44 2409 134 2493 recipi
158 2409 368 2486 viderentur,
390 2421 425 2470 ut
447 2399 527 2472 'cum‘
537 2409 679 2470 tribubus
698 2405 867 2472 duodecim
885 2407 1046 2474 Israeliti-

4 2485 30 2546 ds
52 2512 100 2574 per
121 2502 234 2558 totum
254 2491 321 2556 fere
346 2507 501 2558 terrarum
529 2495 658 2570 orbern,
690 2506 726 2554 ut
758 2493 941 2572 videbatur,
976 2495 1046 2558 dis-

4 2579 76 2654 persis
99 2581 336 2655 coalescerent,
365 2579 452 2642 haud
478 2581 597 2642 mirum
624 2601 715 2655 sane,
746 2578 831 2664 quod
859 2585 895 2648 αἱ
923 2572 1046 2648 δώδεκα

4 2657 76 2738 quial
97 2666 152 2726 vel
179 2659 203 2750 ἦ
235 2656 399 2752 ὃιασπορά
435 2670 665 2752 nonnunquam
696 2663 890 2728 christianos
923 2689 1047 2746 ornneS,

5 2749 78 2806 tune
98 2741 253 2826 ludaeis,
293 2753 348 2838 qui
383 2750 483 2836 primi
511 2761 543 2812 et
570 2749 752 2835 potissimi,
792 2749 908 2812 radicis
942 2753 1045 2815 instar

10 2815 143 2896 foecundae
174 2833 287 2922 (Rom.
303 2843 352 2910 11,
376 2829 519 2918 16-21.),
552 2835 656 2896 habiti
684 2839 776 2908 sunt„
812 2847 881 2897 lum
906 2839 1066 2915 gentiles-

8 2904 40 2969 bis
59 2917 195 2984 insertos
227 2919 420 3002 significant.
470 2919 699 2982 Testantur'id
720 2917 829 2980 l'arobi
851 2921 990 3005 epistola
1012 2933 1045 2983 et

5 2987 63 3058 leui
78 3005 167 3088 prior
191 2997 271 3094 (lac)
293 3017 322 3081 1,
347 3019 375 3074 1.
399 3003 492 3076 ss'et.
511 3016 539 3081 1,
563 3003 623 3086 1.),
653 3025 731 3089 quae
754 3027 933 3090 ‹pinuquam
954 3007 1044 3069 chri-
1113 3065 1116 3070 .

4 3079 149 3154 stiauorum
181 3083 285 3172 magis
315 3091 487 3170 'gentilium
516 3091 625 3150 usibus
661 3092 874 3151 inserviturae
907 3093 1044 3185 scriptae

4 3178 54 3226 suut
71 3169 120 3250 Ι),
150 3177 188 3238 in
222 3171 329 3240 fronte
360 3188 465 3238 tamen
491 3175 631 3237 tribuum
651 3171 898 3237 israeliticarum
921 3177 1044 3239 duode-
1121 3245 1123 3252 ¹

4 3247 116 3320 rinvel
146 3260 341 3336 ludaeorum
368 3251 587 3346 dispersorum
618 3281 738 3322 nomen
755 3281 845 3346 ,prae
867 3265 901 3322 se
922 3253 1042 3325 feruntss

4 3327 131 3406 Similiter
153 3344 323 3409 duodecim
343 3347 461 3419 tribus,
488 3347 565 3430 quip
591 3366 608 3405 e
629 3347 782 3431 a'quibus
801 3347 887 3406 salus
909 3339 1044 3431 prodeat

4 3429 24 3476 ct
40 3424 152 3512 inques
175 3433 274 3494 ceteri
295 3454 406 3494 omnes
427 3367 602 3514 adoptandi
623 3431 698 3506 siut,
718 3431 753 3491 in
774 3423 888 3527 judicii
908 3433 1043 3494 uuiver-
1126 3454 1140 3512 j

4 3503 56 3567 ulis
71 3519 232 3580 mentione
253 3519 367 3578 obviae
388 3531 460 3578 sunt
481 3516 598 3576 blatth.
616 3526 665 3592 19,
683 3525 742 3588 28,
757 3515 832 3577 Luc.
852 3527 903 3592 22,
925 3527 976 3586 30.
998 3550 1041 3564 --

4 3591 161 3680 ‚tlb'unui
193 3603 261 3664 ficti
290 3602 434 3664 indolem
463 3595 558 3662 sacile
586 3621 755 3680 agnoscas.
809 3599 835 3664 E
862 3597 1046 3684 diedecim,

5 3673 113 3770 lribuum
144 3685 290 3776 (quarum
320 3687 472 3773 quaedam
494 3683 612 3749 dudum
633 3685 792 3748 Johannis
815 3697 958 3771 tempere
980 3707 1042 3748 ex-

4 3763 110 3830 bbuctae
134 3762 224 3836 ciant
251 3774 366 3835 saltem
395 3768 532 3833 nornine
560 3783 667 3848 tenus,
703 3783 735 3834 at
763 3773 817 3832 hic
832 3773 882 3842 ,in
910 3787 1042 3834 recensu

4 3859 88 3911 ⁰¹nues
105 3850 228 3948 junctae
250 3869 434 3944 comparent
455 3875 497 3917 ex
518 3867 700 3940 temporum
715 3869 859 3918 veterum
870 3851 1040 3941 memoria)

4 3943 96 4018 ltaque
117 3939 293 4006 duodecim
313 3943 422 4006 millia
440 3943 534 4003 electi
555 3941 848 4028 ser·veutur,·quod
865 3959 963 4027 aeque
981 3961 1054 4026 per·

4 4027 90 4090 ¹brunes
111 4041 212 4092 ratum
233 4023 303 4090 fore
324 4025 439 4112 deinde
460 4027 496 4089 in
517 4026 655 4108 singulis
676 4024 899 4116 enumerandis
920 4029 1042 4114 proba⁴

29 4171 57 4240 1)
69 4171 117 4236 bbu
131 4188 204 4242 cuim
223 4187 303 4240 unice
321 4200 417 4240 verum
436 4199 495 4240 esse
514 4182 584 4240 mihi
600 4185 732 4252 persuasi.

780 4287 863 4374 11t
