2572 4868
105 419 107 427 ⁴
192 433 195 440 ⁴
273 351 349 424 224
398 341 442 414 ΙΙ.
467 339 642 416 Visiones.
675 342 735 414 ΠΙ.
755 355 789 426 2.
824 287 867 416 si.
887 370 918 428 a.
934 359 969 429 2.
989 349 1076 448 Cap.
1101 364 1159 446 13,
1183 369 1207 436 1.

238 515 247 520 ¹
295 551 353 592 uae
373 526 509 610 flagitiis
537 524 685 591 omnibus
705 525 845 617 odioque
866 507 1127 603 Chriitiauorum
1146 531 1260 632 injusb's

170 617 185 674 .’
226 689 229 700 ¹
272 551 369 680 damis
404 616 572 700 omnisque
599 614 778 698 impietatis
807 615 897 679 sedes
928 631 977 682 est
1010 619 1066 708 (of.
1100 647 1127 686 c.
1150 635 1195 694 17.
1212 621 1262 693 iili

272 699 523 786 Imperatoribus
543 698 704 782 prioribus
724 697 880 776 Romanis
902 713 968 768 tam
999 719 1084 772 arcte
1116 693 1266 782 cohaerebit

272 787 379 850 bellua
413 784 491 846 haec
522 794 724 860 monstrosa,
765 784 928 852 Neronem
987 793 1170 857 otissimum
1197 797 1264 874 sigan

270 882 480 956 utrorumque
503 880 630 945 tamen,
661 880 693 932 et
714 867 837 950 Romae
858 895 931 938 cusu
946 813 1197 964 ffuperatoribus
1214 877 1261 942 eila

244 1031 247 1041 .
270 958 363 1039 ronis
383 955 525 1040 insignia
544 949 626 1018 ferat
646 975 705 1038 uec
725 955 793 1018 nisi
814 957 917 1022 serius
936 964 992 1023 ubi
1013 964 1053 1026 ad
1074 963 1212 1046 singulos
1226 963 1253 1048 p'
1278 985 1279 988 ¹

270 1041 372 1107 endos
400 1040 588 1126 pervenitur
617 1061 646 1100 e.
667 1045 803 1114 16-19.
826 1046 997 1133 omniaque
1018 1052 1149 1114 uberius
1168 1061 1197 1112 et
1212 1001 1279 1108 dliii

271 1129 345 1192 dius
373 1125 593 1212 explicantur,
626 1121 707 1186 Urbs
735 1146 755 1187 a
785 1124 913 1194 Nerone
940 1135 1072 1214 singulo
1096 1131 1268 1196 dilucidinli

269 1215 460 1293 stinguatur.
523 1208 671 1272 Belluem
701 1209 803 1290 igitur
831 1215 1029 1298 potentium
1059 1219 1269 1304 impietatemque

272 1298 502 1369 Romanam,
524 1307 557 1358 et
576 1295 674 1358 Urbis
697 1305 730 1358 et
749 1293 799 1359 Im
824 1309 1000 1378 aratorum,
1032 1294 1271 1376 norandini

271 1381 358 1470 quod
382 1389 431 1458 17,
450 1391 481 1452 3·
519 1381 736 1458 confirmatur.
793 1317 931 1469 istique
952 1385 1081 1464 trium,
1118 1411 1190 1476 quae
1211 1385 1271 1470 lepis

270 1466 373 1550 ganda
401 1467 513 1550 erant,
539 1477 759 1529 monstrorum
825 1472 927 1532 essiae
958 1473 1167 1538 inimicorum
1186 1487 1271 1537 nuncu

269 1575 355 1616 sacer
383 1562 420 1612 ui
446 1552 501 1612 hic
528 1551 636 1614 omnia
664 1549 704 1612 ad
727 1549 865 1616 Romam
885 1557 1087 1640 pertinentia
1113 1565 1173 1624 ima
1193 1555 1269 1636 inagis

270 1625 580 1724 comprehendantur
599 1637 779 1723 postulasse
798 1637 937 1704 videtur.

337 1763 468 1858 ¹Bellus
489 1796 507 1838 e
531 1771 625 1838 mart
648 1771 817 1839 ascendere
845 1773 981 1856 dicitur,
1015 1779 1103 1844 sicut
1117 1775 1182 1878 sjam
1197 1778 1266 1845 itui

229 1897 234 1910 ι
267 1871 299 1932 3.
320 1863 443 1930 belluas
463 1873 598 1947 quatuor
619 1861 745 1952 similes
768 1883 811 1925 ex
832 1865 948 1943 abysso
969 1863 1088 1943 marie,
1101 1869 1146 1930 ,in
1162 1879 1267 1953 quoue·

268 1959 334 2010 stra
375 1941 537 2044 ejusmodi
576 1947 700 2008 versari
737 1959 907 2032 putantur,
950 1964 1153 2032 emergentes
1185 1951 1265 2012 mera

270 2031 380 2116 Quare
400 2032 441 2094 ad
461 2040 678 2094 monstrume
703 2033 786 2093 mari
806 2053 973 2116 emergens
997 2035 1265 2124 conspiciendum*

264 2130 316 2194 tes
344 2117 384 2180 ad
415 2119 514 2182 maris
542 2135 668 2179 arenam
697 2113 818 2202 (littus)
839 2130 890 2195 12,
913 2131 965 2190 18.
986 2123 1122 2185 aceedit.
1141 2123 1178 2203 ¹).
1222 2113 1264 2198 Qu

185 2229 186 2236 ¹
265 2216 375 2267 tamen
396 2205 467 2266 sola
486 2201 721 2286 interpretandi
741 2204 824 2266 ratio
845 2203 899 2266 hic
916 2227 984 2273 non
1001 2207 1139 2285 sufficit,
1159 2226 1211 2270 cum
1224 2199 1262 2262 crit

105 2281 108 2294 ’
188 2289 191 2310 '
219 2275 221 2292 ¹
265 2285 353 2352 infra
375 2282 412 2350 v.
429 2301 481 2360 11.Ι
502 2289 634 2352 tertium
662 2299 843 2354 monstrum
873 2311 891 2352 e
921 2297 1018 2354 terra
1045 2295 1213 2358 continente
1226 2303 1260 2370 pu

205 2377 207 2386 ’
266 2377 337 2438 dire
365 2373 502 2454 dicatur,
537 2373 623 2436 haud
640 2372 876 2452 dubitandum,
905 2375 988 2460 'quin
1014 2391 1108 2442 vates
1132 2379 1168 2442 ad
1183 2374 1260 2438 Reum

161 2467 168 2489 ¹
265 2462 512 2524 transmarinam
540 2479 596 2521 seu
621 2457 666 2532 lin
685 2457 781 2521 Italia
801 2461 906 2522 insula
925 2461 1020 2524 sitam
1040 2464 1106 2528 hac
1126 2451 1258 2527 vocandil

265 2547 422 2610 alluserit.
459 2539 469 2618 ’,
484 2543 570 2606 Haec
599 2544 706 2606 bellua
732 2565 751 2606 e
784 2555 871 2608 ‘terra
902 2549 1057 2610 remotius
1091 2533 1253 2625 destined

266 2634 363 2695 terris
384 2631 420 2693 in
446 2630 560 2715 quibus
588 2641 678 2692 vates
708 2631 855 2706 vivebat,
890 2627 1012 2694 noxarn'
1039 2635 1171 2698 illatura
1185 2633 1251 2712 pavet?

288 2719 323 2795 ui
349 2709 667 2785 veranianus.
695 2715 813 2778 ultimo
835 2716 908 2794 loco
933 2719 982 2778 rei
1006 2719 1193 2784 christianae
1204 2710 1255 2798 ἰὼ·

266 2741 320 2865 dus
348 2801 475 2890 prodit,
513 2801 543 2862 is
569 2801 605 2864 in
634 2799 716 2884 ipsis
745 2801 814 2862 illis
840 2802 954 2886 quibus
975 2814 1064 2866 vates
1091 2807 1205 2886 degebat
1217 2803 1260 2854 airu

263 2889 405 2972 asiaticis
427 2898 516 2949 ortus
537 2885 698 2972 putandus
718 2897 778 2948 est.
820 2883 960 2972 Uterque
980 2898 1092 2955 tamen
1112 2894 1164 2954 hic
1181 2879 1278 2946 in'uuinr¹

264 2974 350 3036 inter
378 2973 529 3042 homines
558 2974 594 3034 in
621 2983 706 3033 terra
737 2971 846 3034 oriens
874 2973 921 3034 ita
944 2971 1081 3038 Satanae
1099 2969 1213 3040 ‘coelest'
1227 2967 1266 3022 bell

225 3129 233 3136 ,
265 3059 464 3144 opponitur3
490 3053 574 3119 unde
604 3078 658 3117 cur
686 3056 827 3120 visionis
848 3057 969 3142 prioris
992 3070 1042 3135 12,Ι
1064 3072 1098 3132 1.
1120 3041 1267 3124 innurnsl·

263 3153 331 3206 tem
358 3143 395 3206 in
422 3141 548 3204 eoelum
575 3141 766 3204 translatum
787 3143 829 3204 sit
853 3144 931 3204 satis
954 3157 1099 3230 apparet.
1159 3133 1268 3228 Sirnilliut

264 3226 446 3292 Romanum
459 3227 633 3312 imparium
645 3227 787 3316 aquilam
798 3248 816 3290 e
827 3229 909 3290 mari
927 3220 1114 3308 surgentem
1125 3237 1202 3293 vocat
1214 3215 1268 3289 ibt·

267 3325 318 3389 11,
340 3326 371 3385 1·
393 3323 443 3392 13,
460 3323 583 3400 51sqq.
611 3345 655 3360 --
691 3311 737 3375 V·
749 3323 780 3385 1·
809 3310 924 3376 Bellus
945 3313 1032 3400 quod
1053 3318 1192 3380 cornibus
1208 3307 1268 3368 deti

225 3501 230 3516 ¹
300 3482 332 3552 1)
349 3482 443 3536 Lectio
460 3487 544 3537 isses
560 3483 601 3546 (in
617 3481 706 3550 Vulg.
723 3481 823 3536 Peseh·
840 3493 868 3536 et
886 3483 966 3538 codd.
982 3488 1091 3553 paucis)
1109 3485 1182 3536 ᾰταω
1192 3469 1270 3529 contin,

335 3553 412 3622 quod
439 3555 473 3608 ad
498 3559 621 3622 priorem
648 3558 786 3606 visionem
811 3554 973 3608 trahendum
998 3567 1085 3616 esset,
1111 3573 1159 3608 seu
1181 3549 1270 3603 „meque

333 3629 472 3677 visionem
497 3627 695 3691 conjungeret,
730 3625 910 3692 improbanda
935 3627 1075 3681 videtum*
1107 3627 1137 3680 Si
1158 3627 1215 3678 enim
1229 3617 1269 3660 '²¹2¹

334 3695 497 3760 diaconem,
521 3707 553 3748 nt
577 3693 685 3747 bellnae
708 3697 859 3762 potentiam
878 3698 1058 3766 rnaudataque
1076 3714 1124 3749 sna
1141 3697 1214 3753 daret,
1232 3695 1256 3733 1⁰³

334 3767 473 3819 adstitisse
498 3765 551 3817 his‘
570 3765 661 3819 verbis
688 3782 870 3833 expressurus
896 3779 969 3834 erat,
995 3769 1142 3822 dilucidius
1165 3764 1190 3818 id
1207 3760 1226 3809 ei
1240 3751 1266 3801 Μ

334 3837 497 3898 dicendum3
522 3853 573 3890 nee
600 3851 650 3888 eur
676 3837 796 3890 Satanae
814 3838 844 3892 id
868 3837 954 3894 suerit
973 3838 1128 3894 iaciendum
1145 3825 1266 3903 apptf⁶¹i¹

239 3969 243 3978 ,
335 3913 410 3962 euim
432 3905 569 3961 invisibili
586 3908 677 3960 ‘modo
702 3907 830 3962 homitias
855 3915 937 3978 regit·
990 3911 1116 3966 Ceterum
1139 3910 1195 3961 alias
1209 3889 1260 3948 dtu

320 3979 424 4052 *bellua
456 3985 714 4046 interpretationes,
749 3992 781 4030 ut
811 3979 928 4034 Herderi
952 3985 1002 4050 qui
1033 3982 1165 4036 Simonem
1184 3965 1260 4026 Gustu*

332 4051 439 4118 filiurn,
464 4050 635 4103 Heinrichsii
652 4055 701 4118 qui
718 4049 823 4118 Ephesi
839 4049 1036 4120 proconsulem
1053 4057 1130 4108 inusti
1143 4053 1217 4119 pultis
1233 4037 1262 4084 (Ψ

328 4127 492 4180 temerariae
515 4125 586 4190 siut,
614 4121 661 4174 hio
678 4133 768 4177 tacere
786 4134 913 4193 praestat.
1274 4179 1276 4212 γ
