2546 4868
97 365 145 434 n·
161 359 331 432 visiones.
362 350 422 432 111'.
444 373 479 441 r.
505 359 547 430 Β.
567 341 601 440 a.
640 359 726 454 cap.
752 365 869 450 15,1·
931 368 1024 442 251'

23 567 103 612 eesse
121 543 333 626 longitudinis
366 539 422 620 (ef.
446 529 619 624 Kightfoot
648 542 687 604 ad
708 543 743 604 h.
764 543 788 604 1.
815 539 1009 626 Hieronym.

22 645 55 694 st.
66 631 95 694 ad
106 630 236 692 Darden.
253 627 495 696 Rosenmiilleri
515 627 674 720 bibliscire
693 625 1009 698 Alterthumskunde

25 711 164 804 unes-t
188 715 237 796 ¹)·
605 741 610 751 ¹

41 899 66 959 3.
85 887 115 951 G.
135 893 178 960 15.
200 894 254 958 16·
299 867 363 952 Nec
384 908 494 965 mora3
522 885 611 950 adest
634 897 666 949 et
686 884 809 966 ingruit
835 883 909 972 ipsa
930 887 1009 951 vin·
1110 909 1113 921 ·

22 985 60 1036 tae
75 975 191 1038 ultimae
213 975 252 1036 ab
286 973 466 1060 impiorum
486 975 579 1060 copia
596 972 787 1058 repetendae
809 971 891 1034 dies.
940 971 1018 1037 ΙΙΙ]-Α

21 1081 83 1120 num
98 1072 168 1124 terre
189 1058 366 1136 vastanda,
393 1079 528 1139 regnum
556 1057 799 1134 destruendum,
832 1056 915 1122 Urbs
937 1060 1010 1146 ipsa

21 1142 96 1205 alins
120 1145 292 1208 evertenda
317 1157 378 1208 est.
435 1137 533 1239 Cujus
562 1164 686 1229 poenae
713 1145 802 1205 varia
830 1163 947 1229 eaque,
981 1147 1011 1207 si

20 1248 41 1287 rr
61 1229 150 1293 Satara
175 1231 358 1316 bestiisque
386 1228 505 1292 duabus
531 1250 587 1291 seu
614 1231 717 1292 tribus
737 1229 807 1290 illis
829 1228 1010 1314 impietatis

20 1311 665 1403 pierumqueauctoribus-summis(c'.12.
688 1311 742 1396 13)
766 1315 1012 1392 contenduntur,
1070 1325 1074 1330 '
1108 1321 1110 1324 ’

20 1419 77 1460 nura
93 1403 191 1462 omnia
219 1399 413 1481 attingentis
439 1409 547 1487 partes
571 1400 713 1480 singulas
743 1419 814 1460 cum
834 1419 902 1462 nnn
924 1399 1034 1463 11165-1

19 1501 43 1556 e,
66 1484 112 1546 sed
138 1488 261 1566 angelis
292 1483 364 1583 ejus
391 1479 610 1549 exse‘uendas
631 1484 755 1575 tradere
776 1485 1013 1572 pervideatur,

19 1577 50 1626 tes
63 1579 174 1653 reptem
195 1593 243 1633 an
274 1571 344 1634 eles
369 1572 425 1634 hic
444 1507 703 1633 iriducit'divino
724 1589 814 1662 pussu
835 1571 1013 1641 vindictam

19 1673 44 1711 nc
60 1654 191 1718 ultimam
209 1593 400 1720 allicientes.
443 1656 488 1719 Hi
516 1667 642 1741 septem
671 1654 808 1740 denique
836 1656 1014 1740 impiorum

20 1757 101 1816 eran,
128 1746 220 1826 quain
242 1741 339 1804 inter
359 1750 489 1826 septem
518 1743 626 1822 sigilla
650 1741 831 1804 minitatam
855 1753 888 1803 et
917 1764 1013 1828 prae·
1038 1741 1045 1746 ’
1108 1782 1110 1792 ,

18 1833 105 1898 ratas,
127 1828 278 1914 interque
299 1835 428 1912 septem
447 1828 580 1908 angelos
607 1827 693 1889 tubis
721 1837 870 1888 canentes
898 1827 1012 1913 incep-

18 1908 188 1986 ntidimus‚
216 1927 325 1974 totam
352 1912 523 1996 perficiunt
550 1913 747 1997 finiantque3
782 1911 867 1974 unde
901 1913 1011 1998 plagas

19 2000 91 2070 plen,
115 1999 235 2081 quibus
258 1999 308 2060 ira
335 1991 468 2081 (poena)
495 1997 549 2060 dei
575 1999 775 2085 perficiatur,
805 1991 1013 2092 justitiaeque

17 2091 68 2136 ¹esae
82 2079 257 2161 plenissime
279 2081 433 2162 satisfiat,
465 2081 611 2145 ultimas
631 2093 741 2147 tenere
759 2082 906 2146 dicuntur
924 2106 957 2146 v.
981 2097 1013 2154 1.
1114 2158 1117 2170 1

18 2177 72 2242 eque
84 2165 127 2227 hac
145 2180 275 2232 tantum
291 2169 422 2230 ratione
442 2179 567 2253 septem
596 2169 657 2230 hae
683 2169 817 2231 ultimae
836 2169 950 2253 plagae
974 2171 1014 2233 ad

17 2257 79 2324 epten
94 2252 251 2317 visionum
273 2275 395 2316 nexum
414 2256 555 2338 primum
587 2275 613 2316 c.
630 2259 666 2326 16.
696 2266 728 2316 et
753 2253 890 2318 alterum
919 2255 1015 2318 simi-
1058 2326 1063 2338 x

16 2347 73 2422 prem
88 2337 174 2401 etiam
196 2363 224 2402 e.
239 2351 274 2410 8.
292 2348 324 2412 9.
345 2359 382 2404 se
403 2335 556 2416 referunt,
579 2351 614 2400 ut
635 2350 742 2402 vatem
764 2341 867 2402 inter
888 2353 1015 2428 septem

16 2413 123 2486 telonibus
160 2425 308 2488 invicem
335 2424 432 2488 nexis
461 2423 586 2510 sibique
616 2423 886 2510 respondentibus
919 2450 1015 2508 argu-

16 2512 92 2593 ertum
109 2509 182 2571 libri
203 2511 437 2592 gravissimum
464 2511 670 2594 complexum
700 2532 771 2573 esse
800 2510 1016 2590 videas,1sed

17 2596 200 2669 agrestiun
220 2596 346 2672 simile,
375 2619 438 2682 quo
470 2607 593 2681 septem
625 2595 662 2656 hi
683 2597 791 2678 angeli
812 2596 1016 2678 distinguan-

16 2685 38 2764 t,
57 2687 150 2758 aptum
174 2683 408 2767 circumspexit
437 2684 522 2744 vatis
541 2683 720 2763 ingenium.
769 2680 850 2746 Cum
881 2687 968 2746 enim
997 2706 1016 2748 a

16 2755 80 2818 tibus
95 2765 241 2848 pristinis
264 2767 341 2830 deus
384 2768 499 2830 uniens
520 2771 640 2850 partim
661 2767 813 2852 poculum
845 2770 924 2831 vino
947 2765 1016 2831 fer-

16 2833 44 2898 ilo
58 2844 213 2932 impletum
235 2790 388 2916 ebriandd
411 2865 444 2914 et
459 2854 606 2915 necando
628 2851 800 2928 bibendum
820 2854 944 2916 tradere
959 2850 1015 2932 (cf.

16 2917 232 3024 11181101),Ι
252 2940 371 3024 partim
392 2937 485 2999 iram
506 2935 672 3024 (poenam)
700 2949 738 3000 ut
766 2960 858 3001 aurae
878 2937 1017 3025 pestife-
1090 2953 1092 2960 ’

16 3010 161 3108 tiralitum
182 3035 216 3086 et
236 3017 360 3087 ‘aestum
374 3023 423 3094 in
437 3025 560 3090 ,urbem
587 3022 796 3086 excidendam
824 3025 1017 3110 plenissimo

16 3109 80 3172 l'itte
104 3104 279 3189 inundante
308 3108 477 3172 effundere
501 3107 557 3187 (cf.
586 3109 647 3172 Ez.
666 3119 704 3185 9,
723 3121 756 3179 8·
777 3118 816 3185 7,
836 3121 869 3180 8·
893 3117 942 3186 14,
965 3123 1017 3185 19.

16 3189 80 3254 131·
98 3197 148 3266 36,
170 3206 220 3264 18.
245 3195 327 3258 Hos.
348 3203 392 3271 5‚·
408 3205 459 3264 10.
480 3193 544 3276 Jer.
563 3202 612 3271 14,
635 3191 689 3279 16)
711 3195 854 3271 dicatur,
887 3197 936 3259 ira
963 3197 1017 3259 dei

16 3265 83 3330 'lide
109 3294 161 3337 seu
189 3301 295 3364 poena
324 3282 402 3342 haee
434 3280 547 3342 ultima
564 3301 581 3342 e
601 3281 724 3366 phialis
747 3291 873 3366 septem
892 3283 927 3344 in
949 3295 1018 3344 ter-

16 3353 232 3429 tneiiundenda
253 3367 338 3429 inter
357 3366 490 3447 angelos
515 3368 577 3428 hos
600 3377 739 3450 septem¹
754 3367 931 3458 aequaliter
962 3369 1017 3432 di·
1097 3391 1099 3396 ·

16 3511 39 3580 1)
59 3518 85 3610 Si
100 3536 237 3596 quomodo
262 3548 337 3590 vates
359 3553 374 3590 e
391 3535 567 3589 Palaestinae
584 3534 687 3590 finibus
705 3548 795 3591 terrae
811 3541 841 3590 in
860 3556 914 3608 qua
932 3541 1021 3594 Roma

37 3587 256 3665 devincendasit,
288 3609 382 3664 ltaliae
400 3611 500 3676 igitur.
529 3607 605 3676 quod
622 3609 745 3673 videtur,
772 3614 891 3678 spatium
910 3616 1020 3664 emetiri

38 3671 144 3750 Pottterit
159 3683 319 3744 quaeritur,
330 3684 494 3748 interpretes
514 3692 601 3732 vatem
620 3680 648 3730 id
664 3681 794 3733 eJudaea
813 3699 896 3750 quam
914 3687 1019 3747 optime

38 3746 101 3788 nont
122 3744 154 3795 ad
179 3747 284 3803 Italiam
302 3751 458 3812 traduxisse
476 3763 587 3818 putant,
614 3751 644 3802 id
662 3751 738 3819 quod
756 3757 860 3820 etipse
878 3770 910 3820 p,
918 3759 961 3812 35.
979 3757 1019 3806 ita

40 3813 117 3862 statui.
162 3815 215 3874 Sed
234 3827 258 3874 st
276 3834 366 3874 ratem
383 3820 586 3874 Antichristum
604 3827 634 3877 in
651 3827 712 3888 ipsa
727 3823 880 3876 Palaestina
897 3835 1022 3874 moratu-

41 3885 164 3954 runt'esse
179 3905 206 3944 et
223 3899 326 3945 victum
345 3897 381 3944 iri
398 3905 509 3960 putasse
528 3891 576 3955 (ci.
594 3909 622 3960 p·
638 3902 692 3954 202
711 3905 750 3964 sq.
770 3896 840 3946 dicta
856 3907 883 3946 et
898 3894 1019 3948 Laetarrt·

41 3958 227 4030 11181·’1,19,)
255 3973 396 4028 tenemus,
430 3965 616 4031 Messiamque
644 3981 702 4017 non
730 3967 783 4017 alia
811 3971 866 4016 nisi
889 3969 919 4016 in
946 3976 1021 4019 terra
1058 3976 1061 3989 '

44 4027 122 4076 *anile
139 4040 325 4100 appariturum
343 4039 497 4100 exspectari
514 4048 693 4100 reputamus,
720 4040 854 4090 sententia
871 4036 960 4086 multo
979 4048 1022 4090 est
1120 4086 1124 4094 .

44 4087 137 4171 Plenior
152 4119 201 4157 nec
219 4106 353 4174 estquod
375 4107 408 4156 ad
427 4111 549 4174 argutias
566 4108 628 4158 illas
646 4107 850 4174 confugiamus.
886 4105 1021 4174 Patetque
1072 4113 1083 4124 '

45 4165 113 4217 enam
147 4189 181 4226 ex
204 4177 265 4244 his,
307 4175 396 4228 urbem
423 4177 477 4228 hoe
507 4194 587 4229 versu
612 4190 790 4230 incrassatam
813 4178 1022 4245 Hierosolymis

48 4241 109 4300 ²⁵⁵⁰,
132 4247 205 4313 cujus
229 4249 341 4318 quidem
367 4253 472 4302 attentio
498 4249 545 4302 hie
562 4256 627 4303 satis
646 4261 688 4304 est
705 4261 776 4316 apta.
795 4253 799 4280 ¹
