2796 4870
164 388 260 459 2
345 370 404 443 De
427 345 608 484 scribendi
630 353 779 434 consilio
802 340 955 460 ιιιιιιιιιε
978 360 1205 494 argumento:

236 555 437 624 vexationes.
480 551 574 637 Quae
594 545 736 644 pericula
757 514 818 608 rix
846 560 1015 626 superasse
1045 489 1198 602 videntur
1220 533 1322 602 Chri·

237 662 349 746 stiani,
382 681 459 725 cum
488 651 612 720 Judaici
645 649 718 716 belli
749 644 907 734 gliscentis
934 636 1067 708 flamma
1089 662 1192 706 noras
1219 641 1327 705 ciebat
1395 715 1396 724 ἵ

238 765 437 832 vexationes.
477 760 551 838 Nec
571 758 704 822 mirum.
747 751 834 816 Cum
852 747 940 811 enim
954 745 1136 831 hucusque
1145 745 1327 812 Christiani
1395 761 1396 806 ι

240 881 329 936 secta
363 879 492 934 tantum
521 862 718 929 Judaeorurn
746 851 862 940 stipsi
876 841 926 918 se
952 849 1065 916 haberi
1095 852 1218 917 vellent
1241 862 1278 916 et
1303 873 1326 916 a

240 973 399 1044 Romanis
419 969 634 1044 haberentur,
664 957 773 1026 omnia
794 957 991 1074 ludaeorum
1023 967 1061 1020 ut
1080 956 1250 1052 privilegia
1280 957 1330 1020 ita

244 1076 405 1144 damna'
383 1099 422 1144 us
444 1084 537 1144 erant
561 1065 762 1144 communia,
793 1083 853 1124 nec
881 1059 944 1126 nisi
965 1069 1041 1146 post
1065 1082 1179 1146 eversa
1202 1062 1332 1126 Hier-c
1395 1101 1396 1120 ι

138 1175 149 1270 ‘¹
210 1169 219 1248 J
245 1185 374 1271 solyma
410 1194 545 1265 utraque
581 1196 659 1263 pars
696 1191 759 1236 ne
773 1162 1028 1232 contunderetur
1066 1141 1176 1232 sedulo
1209 1177 1333 1232 cavere
1395 1247 1396 1252 ἵ

66 1295 70 1302 ’
169 1347 173 1351 Δ
245 1285 379 1354 studuit.
421 1283 524 1351 Istum
554 1295 661 1348 antem
679 1274 762 1342 belli
782 1267 899 1358 judaici
919 1267 1067 1334 furorem
1096 1271 1332 1336 extra‘Palae·
1395 1303 1396 1364 ι

212 1387 214 1398 “
246 1389 365 1457 atinam
387 1407 515 1474 quoque
538 1385 704 1462 saeviisse,
731 1375 776 1444 ira·
798 1392 833 1442 ut
857 1376 911 1440 illo
934 1377 1084 1462 tempore
1105 1375 1226 1468 ‘ubique
1256 1371 1330 1438 sere

124 1547 136 1560 -
245 1497 430 1563 terrarum
425 1491 542 1560 Judaei
563 1486 720 1558 Romanis
740 1483 840 1548 invisi
863 1479 1067 1547 acerbissima
1097 1501 1239 1566 quaeque
1266 1499 1335 1564 pa·
1395 1459 1396 1530 l

204 1671 218 1691 ..
245 1611 408 1692 tarentin,
428 1620 473 1664 ex
492 1593 637 1680 vestigiis
657 1587 808 1656 historias
829 1597 880 1650 sat
900 1584 1008 1650 multis
1030 1585 1136 1671 colligi
1158 1595 1265 1672 potest
1290 1583 1336 1659 ¹).

363 1723 457 1810 Quot
477 1707 668 1807 quantisque
689 1711 851 1777 aerumnis
873 1721 906 1774 et
918 1703 1143 1771 vexationibus
1157 1718 1232 1770 tum
1244 1717 1339 1773 tern-

227 1825 337 1916 “poris
358 1823 551 1892 Christianis
571 1831 643 1886 tum
664 1814 815 1879 omnibus
835 1786 955 1898 ubique
978 1806 1047 1874 fere
1072 1819 1237 1872 terrarum
1258 1821 1340 1875 tum

246 1929 433 1997 coetibus
423 1951 474 2011 m
485 1925 565 1995 Asia
586 1914 808 2012 proconsulari
835 1917 990 1998 collectis,
1024 1911 1139 2002 quibus¹
1165 1912 1337 1978 lohannes
1395 1945 1396 1998 i

148 2085 149 2092 ι
227 2055 285 2122 ,ει
301 2030 499 2120 proximum
514 2029 604 2110 vidit,
623 2023 873 2094 conflictandum
897 2021 1012 2100 suerit3
1034 2029 1192 2104 quantum
1212 2018 1334 2084 exinde
1395 2041 1396 2064 ³

247 2137 297 2204 rei
326 2137 518 2203 christianae
544 2135 699 2201 damnum
731 2127 850 2196 minari
872 2125 1054 2203 videretur,
1080 2136 1112 2184 et
1140 2143 1237 2208 quam
1269 2144 1335 2185 ne-
1395 2189 1396 2194 η

201 2305 203 2309 ,
249 2266 339 2310 cesse
358 2241 459 2310 fuerit
477 2241 616 2307 fractum
638 2231 827 2307 timidorum
848 2231 996 2298 anirnum
1022 2226 1164 2313 erigere,
1194 2227 1331 2316 miseros
1395 2233 1396 2238 ’

142 2387 147 2392 ’
247 2360 283 2414 et
302 2343 441 2414 vexatos
458 2345 575 2428 solari,
595 2364 772 2463 ompesque
791 2349 829 2406 ιιι
851 2361 893 2402 ne
920 2333 1020 2400 fidem
1040 2333 1245 2398 christianam
1270 2331 1334 2396 de-
1395 2385 1396 2390 ,

247 2465 397 2519 sererent
418 2449 557 2530 hortari,
585 2472 628 2523 ex
648 2448 719 2536 ipsa
740 2441 944 2534 Apocalypsi
965 2439 1037 2504 satis
1059 2437 1171 2502 elucet.
1221 2436 1334 2522 siqui·
1395 2461 1396 2466 ¹

248 2555 324 2620 dem
345 2575 414 2620 non
434 2564 610 2619 tantum
584 2552 769 2640 saepissime
791 2547 924 2636 gentiles
942 2529 1211 2621 Christianorum,
1231 2563 1335 2628 prae·

249 2671 421 2744 ceptorum
441 2654 602 2742 imprimis
624 2658 664 2722 de
684 2654 830 2721 doctrina
850 2651 1086 2756 propaganda
1078 2646 1169 2710 bene
1196 2665 1335 2710 meren-

248 2760 351 2843 tium,
371 2761 527 2844 sanguine
543 2763 673 2828 effuso
664 2779 807 2849 immane
829 2751 987 2843 quantum
1009 2755 1111 2819 scelus
1130 2749 1336 2816 commisisse

249 2863 464 2944 dicantus,
486 2877 537 2936 10
559 2866 877 2947 7,1lr·13,7·16‚
908 2867 940 2932 6·
966 2865 1073 2940 17,6·
1097 2867 1160 2935 18,
1180 2860 1242 2934 24,
1273 2856 1332 2919 sed
1395 2885 1396 2914 2

84 2983 92 3010 ⁴
155 3015 156 3019 ,
236 2978 438 3054 martyrum
469 2967 564 3034 etiam
595 2971 662 3054 jam
693 2986 861 3032 caesorum
891 2975 998 3028 tantus
1030 2983 1185 3026 numerus
1213 2967 1249 3038 6,
1278 2973 1331 3031 11.
1395 2987 1396 3030 ι

214 3159 217 3164 1
247 3078 357 3151 7,9·
366 3080 418 3142 11
446 3067 623 3156 indicatur,
658 3089 694 3138 ut
726 3069 927 3140 Christianos
954 3065 1007 3132 illo
1035 3077 1185 3150 tempore
1216 3085 1283 3128 ιιοιι
1314 3054 1339 3126 ι’

146 3203 150 3216 ·
247 3173 394 3254 iudaeis,
432 3175 488 3238 sed
517 3177 601 3242 ab
592 3180 669 3268 rpsis
701 3174 947 3265 provinciarum
983 3167 1154 3258 praefectis
1187 3169 1334 3258 graviter
1395 3213 1396 3216 ,

137 3317 141 3324 ,
249 3289 386 3346 vexatos
408 3299 478 3344 esse
496 3303 557 3368 per
576 3307 611 3348 se
631 3293 745 3372 pateat.
1395 3263 1396 3284 ²

363 3422 468 3511 Igitur
488 3445 531 3488 ne
552 3425 648 3492 nimis
670 3419 846 3500 Christiani
875 3414 973 3484 tantis
1001 3415 1154 3502 periculis
1184 3414 1334 3480 deterre-

252 3538 367 3594 rentur
388 3549 473 3594 neve
495 3529 617 3616 plures.
639 3539 676 3594 ut
693 3528 759 3612 jam
780 3534 967 3612 coeperunt,
987 3522 1106 3588 timore
1126 3516 1220 3593 afide
1241 3517 1334 3616 chri-

319 3715 407 3770 nullis
424 3717 521 3770 saltam
538 3719 705 3787 prouinciis,
731 3715 894 3784 praesertim
917 3701 949 3764 iri
964 3709 1032 3764 Asia
1056 3707 1172 3770 minori,
1197 3720 1255 3758 non
1276 3707 1334 3760 rni-

320 3824 375 3860 nus
392 3807 488 3860 acerbe
514 3806 696 3875 aprassecris
720 3809 750 3858 iu
768 3803 940 3858 Christianos
963 3809 1054 3852 actum
1077 3809 1155 3862 esse,
1178 3811 1236 3850 ιιοιι
1253 3793 1334 3864 Apo·
1395 3783 1396 3850 J

210 3915 216 3924 “
322 3896 442 3967 c‘alypsis
461 3909 583 3962 tantum,
615 3896 663 3949 ssd
681 3892 778 3950 Jacobi
794 3899 877 3948 etiam
895 3905 922 3946 et
939 3895 1017 3961 prior
1034 3889 1110 3942 Petri
1127 3887 1246 3956 epistola
1264 3887 1334 3942 adso

320 3986 499 4041 manifestum
515 3979 669 4052 reddum(
667 3997 698 4038 ut
714 4001 771 4054 quo
788 3986 849 4052 jure
867 3982 1025 4068 dubitemus
1043 3995 1101 4034 ιιοιι
1118 3955 1257 4048 aippaieat.

162 4198 170 4206 ,
196 4171 207 4184 .
284 4129 315 4193 ιι
334 4124 371 4180 ei.
390 4126 486 4180 Jahuii
504 4127 642 4182 archseol.
661 4129 695 4182 Τ.
713 4131 748 4181 ΙΙ.
766 4128 802 4181 V.
821 4133 848 4186 2.
871 4105 899 4190 ιι
918 4129 970 4184 192
989 4139 1068 4192 ιιιιιι-
1084 4121 1147 4178 Jost
1165 4117 1332 4175 Gesehiclrte

317 4219 366 4271 der
384 4219 525 4278 Israeliten
547 4217 581 4270 T.
593 4219 633 4282 ll.
658 4235 685 4285 p.
703 4224 760 4278 295.
775 4231 834 4284 sqq.
851 4221 905 4275 320
922 4229 981 4282 sqq.
