2622 4862
437 234 440 244 ,
807 183 825 252 l

42 305 176 399 Expenp
187 327 248 376 par,
266 303 308 380 de
324 322 460 394 argum.
481 255 686 394 3113138311.
703 299 786 368 libri
802 299 959 394 opinion.
1011 309 1073 414 254

112 479 205 549 Omnia
230 481 357 548 sercin
382 505 479 548 sensu
505 495 592 548 recte
621 480 844 552 constituendo
876 481 1061 568 dependent

46 592 79 656 ab
102 587 258 668 hostibus
291 587 449 674 impiis,
488 610 568 674 quos
603 601 685 654 tecte
719 588 826 654 innuit
854 600 987 668 auctor,
1019 612 1063 656 ex
1159 595 1163 603 ’
1241 567 1244 574 ’

48 695 138 760 indiciis
155 705 263 774 tamen,
283 683 375 780 [quae
394 693 579 776 admiscuit,
609 705 658 758 sat
686 695 795 760 multis
826 709 857 758 et
884 695 1063 782 perspicuis

46 799 107 862 bene
127 795 343 884 cognoscendis.
402 787 555 886 Suntque
580 796 621 864 de
652 798 702 864 his
738 798 804 884 duo
830 798 1063 885 interpretandi

45 924 149 990 genera.

112 1109 131 1172 1.
154 1109 283 1174 Credunt
311 1109 423 1190 multi,
459 1120 626 1176 auctorem
660 1133 729 1175 non
759 1110 800 1174 de
826 1111 876 1178 sui
905 1112 1063 1198 temporis

51 1209 155 1278 hostibus
168 1216 260 1300 loqui,
292 1215 348 1280 sed
370 1213 590 1294 defuturis
612 1213 666 1280 vel
689 1225 767 1299 post
784 1214 983 1283 immensum
1002 1241 1064 1282 an-

46 1335 131 1378 norum
147 1317 348 1384 intervallum.
404 1317 497 1406 Quae
524 1329 635 1384 tamen
656 1319 766 1407 opinio
791 1343 835 1386 ex
855 1319 934 1386 salsa
956 1331 989 1384 et
1011 1320 1065 1384 ni-

42 1419 86 1482 33313
107 1422 186 1486 anxia
209 1423 434 1488 vaticiniorum
461 1425 595 1490 notione
620 1436 710 1504 orta,
740 1423 787 1488 nil
813 1423 909 1490 habet
929 1423 1065 1488 omnino

41 1545 86 1607 quo
107 1550 136 1590 se
162 1539 287 1592 tueatur.
342 1531 432 1595 Nam
452 1550 495 1594 ne
518 1527 641 1612 dicam,
676 1527 803 1615 siquid
826 1525 1066 1592 utilescribere

39 1629 167 1697 voluerint
198 1639 339 1697 auctores
364 1637 469 1716 sacri,
504 1636 591 1702 haud
621 1635 717 1702 dubie
744 1647 818 1702 tum
847 1653 960 1727 omues
994 1643 1066 1696 tum

39 1745 103 1796 vates
126 1737 320 1822 potissimum
349 1737 385 1804 in
415 1739 465 1805 sui
503 1744 661 1830 temporis
694 1738 922 1816 commodum,
962 1739 1067 1822 qualia

43 1838 119 1903 coaevi
132 1839 185 1927 ipsi
203 1841 286 1924 bene
305 1843 545 1929 perspicerent,
564 1845 706 1911 scribere
726 1844 890 1924 debuisse,
909 1843 1069 1926 omnium,

33 1931 73 2000 ’331
89 1955 194 2026 quorum
213 1971 320 2034 genus
342 1949 561 2038 Apocalypsis
581 1952 737 2038 pertinet,
758 1971 897 2038 operum
915 1948 1070 2018 similium

46 2047 101 2109 ratio
115 2062 136 2114 et
153 2053 322 2117 consilium
350 2052 425 2117 huic
446 2054 607 2144 opinioni*¹
624 2055 741 2119 obstat.
792 2055 880 2119 Nam
902 2054 938 2118 in
958 2054 1070 2118 omni*-

44 2147 83 2212 bus
96 2152 131 2218 bis
147 2168 296 2246 tempora
318 2157 510 2243 quibuscum
534 2161 699 2228 coaevis
722 2156 975 2224 conflictandum
994 2168 1088 2248 erat,
1136 2201 1139 2207 -

41 2257 171 2326 calamitosa
197 2277 230 2327 et
266 2263 411 2327 luctuosa
439 2286 551 2328 ansam
579 2263 619 2328 ad
648 2261 858 2328 scribendum
887 2259 1069 2349 praebuere

38 2361 150 2446 3311133335,
171 2389 311 2452 coaevos
332 2359 435 2452 ”gravi
455 2370 677 2443 ,venationum
706 2387 806 2433 onere
833 2388 979 2455 pressos,
1010 2365 1070 2428 de-

38 2484 178 2554 sperantes,
205 2457 310 2552 fidem
331 2471 524 2558 abnegantes
542 2475 771 2554 consolantur;
802 2474 932 2558 erigunt
951 2469 1070 2534 foturis
1157 2487 1160 2496 ·

37 2570 154 2642 virtutum
187 2594 218 2641 et
249 2577 413 2663 imprimis
437 2578 632 2642 constantiae
668 2575 820 2664 praemiis
848 2565 1093 2658 ostentandisa
1121 2601 1124 2610 ⁴

37 2681 124 2745 tenent
145 2684 261 2782 poe'nis
290 2695 363 2746 tum
390 2694 612 2769 tyrannorum
636 2693 711 2746 tum
733 2679 832 2746 fidem
854 2677 1074 2743 deserentium

43 2774 118 2848 suturis
142 2785 346 2854 vividissime
372 2786 602 2882 depingendis;
629 2809 710 2872 quae
731 2784 841 2850 sutura
865 2783 998 2868 sperent
1018 2783 1073 2847 vel

12 2885 16 2894 “
41 2883 176 2982 ninantur,
211 2891 338 2976 etipsa
361 2913 404 2956 ex
431 2891 638 2978 opinionibus
665 2913 735 2955 aevi
728 2889 839 2955 illius
862 2886 1073 2976 dijudicanda,
1101 2879 1103 2887 ’
1169 2889 1171 2892 ’

36 3002 88 3054 ν313
106 3007 225 3062 tantum
241 3065 244 3076 Α
259 3007 293 3058 et
314 3016 405 3080 spem
424 2995 512 3082 piam
535 3019 577 3060 ex
600 2995 743 3077 divinae,
777 2995 858 3082 quae
879 2992 940 3058 sibi
956 2993 994 3088 in
1017 3015 1073 3056 ae·
1149 3001 1152 3014 '

36 3099 129 3163 ternum
143 3097 320 3180 constabit,x
333 3099 472 3182 justitiae
485 3099 555 3165 idea
573 3099 719 3164 haustam
738 3098 924 3178 continent3
946 3107 1027 3184 quae
1045 3098 1074 3163 si
1088 3137 1092 3146 ·

36 3191 60 3256 tle
73 3198 112 3264 bis
127 3203 280 3320 operibus
299 3201 381 3266 bene
400 3213 566 3277 tenemus,
584 3205 799 3294 intelligemus
814 3201 954 3288 quidem,
974 3224 1074 3288 opera

39 3294 99 3382 hujus
126 3308 254 3393 generis
288 3307 501 3394 paraenetica
516 3309 582 3374 suis
616 3331 755 3398 quorum
786 3307 895 3372 usibus
931 3309 1074 3373 destina·
1160 3387 1165 3398 „

37 3399 117 3486 bantur
142 3411 368 3530 temporibus
375 3413 560 3502 utilissima,
580 3425 727 3494 nostrae,
759 3413 794 3476 in
815 3434 879 3500 qua
898 3415 994 3500 longe
1014 3414 1073 3478 alia
1149 3495 1151 3502 Α

37 3514 177 3596 spantia
206 3539 262 3580 rer
265 3539 322 3580 um
323 3496 464 3597 facies,
498 3518 604 3583 aetatis
626 3517 736 3583 usibus
760 3539 803 3583 cx
829 3531 923 3606 parte
944 3531 1075 3616 tantum

38 3608 159 3684 inservire·
178 3643 295 3708 posse,
331 3623 466 3714 egregiis
492 3625 685 3710 praesertim
714 3615 830 3710 qnibus
851 3647 946 3711 saepe
968 3625 1074 3688 abun-

37 3709 85 3783 tlttt
107 3723 145 3788 ad
165 3727 337 3818 virtutem
367 3738 400 3792 et
433 3732 644 3801 constantiam
673 3732 760 3797 inter
785 3731 948 3794 malorum
976 3752 1074 3792 onera

33 3825 153 3894 tuendam
178 3831 474 3897 adhortationibus:
506 3845 540 3898 at
566 3836 709 3922 probum
737 3847 768 3900 et
789 3837 882 3924 pium
903 3845 1074 3898 auctorum

32 3932 171 4001 consitium
205 3959 415 4024 agnoscemus
445 3950 477 4002 et
486 3939 657 4023 judicium
686 3940 725 4004 de
751 3941 902 4027 operibus
930 3939 1083 4003 feremus

7 4025 137 4104 13313331.
178 4039 292 4140 thue
315 4043 474 4124 Danielis,
495 4045 662 4125 Henochi‚
681 4045 897 4119 Pseudoesrae
919 4044 1076 4108 aliorum
1172 4131 1180 4138 .

7 4139 8 4154 ¹
33 4149 72 4210 333
33 4139 180 4229 31333133
204 4123 330 4252 indolis.
345 4147 417 4213 libri
443 4161 601 4234 tyrannos
624 4149 705 4216 vel
696 4148 812 4234 impios
833 4145 882 4212 sui
911 4149 1077 4248 temporis,
