2572 4868
138 340 179 412 ll.
206 337 385 410 Visiones.
437 339 479 407 Π.
507 351 542 426 2,
568 351 600 418 9.
650 339 736 432 0³12·
757 352 792 432 9,
819 349 853 418 8·
876 354 948 430 9³
992 352 1065 435 179
1163 348 1165 360 ,

7 541 24 592 rt
44 523 152 616 capitis
172 521 286 596 rictus,
306 521 488 608 pedumque
516 524 613 586 saltus
637 543 754 610 equum
773 517 873 600 refert
894 535 927 588 et
948 527 1066 592 celeri·

6 627 52 676 ,ate
69 613 196 673 volatus·
215 607 353 674 fervida
370 630 486 672 sonum
502 608 601 672 edunt
617 613 778 694 equitatus
794 609 1061 698 appropinquan-
1144 629 1147 632 ·
1168 617 1185 628 “
1230 656 1233 673 .

6 704 34 762 tis
50 694 83 759 cf.
94 695 199 760 Boch.
217 717 254 782 p.
268 700 344 766 474.
373 691 539 757 Oedmann
554 691 631 756 fasc.
644 705 676 764 2.
697 717 731 780 p.
745 700 825 770 Μῦς
844 698 964 762 accedit
976 700 1062 785 quod
1102 723 1106 738 ’

6 785 108 846 olentes
137 781 272 846 eminus
308 800 462 865 equorum
493 780 713 864 pabulantium
745 781 891 844 sonitum
912 783 1060 865 reddunt,

6 881 111 932 rotante
132 866 278 946 Volney
302 885 379 944 voy.
404 885 446 928 en
467 863 540 944 Syr.
554 862 585 928 l.
606 887 639 950 p.
653 874 727 936 277.
778 865 842 928 Sed
860 890 932 931 cum
955 872 1058 935 multa

5 957 61 1028 int,
77 955 119 1023 ob,
136 973 221 1039 quae
245 953 393 1024 locustae
414 950 504 1040 equis
524 949 701 1036 comparari
715 951 859 1038 possint,
880 953 935 1016 hic
949 965 1057 1020 tamen
1141 1009 1144 1016 .

5 1052 137 1101 externam
157 1048 296 1100 tanturn
307 1031 439 1112 saciem,
459 1045 552 1119 caput
565 1035 790 1120 potissimum,
807 1036 1069 1120 intelligendum·

5 1145 55 1185 esse
70 1143 104 1185 cx
124 1123 194 1185 loci
213 1141 312 1186 nexu
326 1132 426 1206 patet.
470 1119 618 1184 Coronos
642 1139 787 1194 aureas,
806 1117 885 1208 qua'e
898 1127 1056 1210 capitibus

4 1209 141 1292 impositae
173 1206 393 1281 videbantur,
421 1199 490 1267 non'
518 1221 560 1266 ex
586 1224 675 1267 mero
706 1217 820 1272 ornatu
850 1209 910 1288 vel
924 1211 1055 1278 fictione

4 1295 89 1356 sumsit
112 1303 223 1370 rates,
262 1314 324 1356 nec
357 1290 397 1352 de
421 1286 538 1374 galeis
565 1299 658 1374 caput
677 1291 1056 1378 tegentibus-cogitarim

4 1379 38 1438 sed
65 1379 167 1441 innuit
200 1378 325 1466 procul
350 1375 446 1437 dubio
475 1382 710 1456 armentrorum
737 1395 793 1438 seu
819 1382 1054 1448 tentaculorum

3 1485 38 1544 rar
62 1485 78 1526 e
103 1464 222 1550 capite*
242 1463 451 1550 prominens,
483 1458 568 1520 unde
595 1455 709 1521 Damir
734 1482 785 1547 ap.
802 1460 909 1525 Boch.
928 1488 962 1551 p.
977 1473 1051 1540 475.

2 1558 90 1658 ΜΨ
110 1597 252 1638 cornua
274 1571 455 1638 cervi'duo
474 1572 616 1634 locustae
636 1573 749 1634 tribuit
767 1569 808 1636 cf.
824 1573 940 1639 horret
960 1599 1052 1664 apex

3 1659 98 1742 sopitis
115 1659 294 1724 Claudiam
315 1669 367 1736 83,
391 1671 427 1734 13
448 1679 518 1720 rem
538 1679 616 1720 vero
638 1658 684 1720 ite
702 1660 794 1722 auxit
810 1672 916 1737 vates,
937 1675 972 1723 ut
990 1665 1049 1728 has
1156 1700 1160 1714 ‹

1 1744 98 1826 pidem
124 1748 276 1810 locustas
298 1746 396 1807 miras
417 1755 628 1806 antennarum
647 1744 721 1806 loco
747 1765 889 1808 coronas
909 1767 1048 1826 aureos,
1105 1755 1110 1768 ‘

1 1829 123 1893 lictoriae
142 1833 255 1913 igitur
276 1849 399 1916 quaqua
420 1850 531 1891 versus
556 1841 711 1914 proruant
731 1829 774 1890 iis
795 1842 898 1894 certae
919 1834 1049 1912 signum

1 1909 35 1995 lut
44 1923 68 1991 6,
73 1927 101 1986 2.
114 1919 171 1980 ubi
183 1939 220 1981 v.
238 1919 381 1981 victores
396 1915 547 1978 describit
569 1915 667 1982 otiam
679 1915 819 1978 locustas
830 1915 902 1979 loel
909 1928 940 1993 2,
950 1916 1048 2002 7-9.),

2 2017 79 2074 gerere
93 1999 228 2084 lingat(
269 1997 379 2082 Quare
407 2021 478 2062 cum
498 2000 689 2063 bellatorum
714 2001 816 2062 instar
836 1997 971 2066 fortium
992 2006 1048 2068 in-

3 2081 95 2168 cedant,
115 2083 228 2150 facies*
245 2079 372 2174 quoque
392 2083 546 2147 leoniana
565 2085 620 2146 hic
635 2085 773 2160 locustis
787 2087 947 2165 tribuitur,
961 2090 1048 2176 quod

2 2185 31 2226 er
46 2174 133 2236 oculis
155 2173 373 2259 potissimum
392 2171 651 2255 prominentibus
673 2191 752 2256 quos
769 2169 946 2257 elephanti
968 2198 1048 2236 ocu·
1071 2186 1086 2200 ¹
1115 2183 1118 2188 '

2 2249 30 2310 lis
44 2251 142 2320 Darnir
164 2261 189 2322 l.
211 2282 241 2322 c.
267 2267 444 2342 comparat,
471 2255 611 2318 derivari
632 2257 750 2339 potuit.
778 2291 821 2302 —
863 2255 908 2318 V.
920 2269 952 2328 8.
983 2258 1047 2322 Ca-

2 2337 72 2416 pillos
95 2345 285 2428 promissos
312 2343 486 2404 mulierum
517 2339 679 2404 caesariei
694 2343 796 2403 instar
817 2341 934 2424 longae
954 2357 1045 2408 vates

5 2441 46 2484 ¹ton
69 2447 106 2488 ex
126 2429 285 2493 antennis
312 2428 430 2491 duabus
450 2425 596 2488 derivare
616 2426 725 2510 potuit
745 2423 790 2512 (si
812 2448 889 2490 vera
908 2442 985 2492 sunt
1005 2431 1047 2494 ad

6 2516 57 2576 n7.
75 2521 216 2592 notata),
241 2513 298 2577 sed
319 2525 373 2574 aut
393 2535 411 2575 e
432 2511 550 2597 pedum
572 2512 652 2596 pilis
674 2507 730 2598 (cf.
751 2510 1047 2600 Claudian.83,lt.)
1101 2593 1107 2599 1
1179 2565 1183 2582 ,

6 2601 36 2650 ut
53 2615 88 2658 ex
107 2611 179 2663 cute
203 2601 403 2663 locustarum
424 2596 640 2682 horripilante
662 2596 828 2684 (utonem
848 2611 932 2662 certe
952 2601 1047 2662 locu-

6 2703 89 2763 starum
122 2705 270 2792 speciem
304 2704 380 2792 Ἶζίῑζ
410 2699 583 2785 pilosam,
621 2701 871 2787 horripilantem
899 2705 1047 2767 nominat

5 2775 104 2863 len51,
125 2788 195 2875 η)
228 2801 263 2852 ut
283 2798 373 2862 vates
399 2787 453 2848 hic
476 2786 611 2871 capillos
633 2798 759 2850 tontum
781 2789 880 2849 solito
901 2792 1046 2873 promis-
1142 2807 1145 2814 ’

9 2865 75 2934 stass
100 2873 270 2961 depingat.
313 2869 472 2952 Quamvis
503 2874 591 2934 enirn
618 2873 686 2957 pili·
709 2873 746 2932 bi
774 2893 888 2956 paucas
919 2877 1048 2939 tautum'
1077 2887 1080 2895 ⁴

4 2940 80 3020 forsan
103 2960 250 3024 locustas
278 2958 457 3035 insigniant
484 2957 536 3034 (ut
556 2952 624 3020 fere
643 2969 753 3026 tarent,
770 2957 809 3018 de
832 2959 874 3019 iis
898 2962 1045 3044 peregri-

4 3040 129 3127 naturos),
166 3059 260 3112 vates
292 3055 400 3104 tamen
435 3042 547 3103 sedulo
576 3043 751 3123 singularis
785 3045 893 3105 omnio
921 3046 957 3107 in
985 3047 1047 3108 hes
1084 3111 1089 3120 ,

2 3114 107 3189 locustas
131 3123 244 3228 juncta
263 3123 420 3191 transfere
441 3127 610 3212 putandus*
630 3140 688 3189 est.
747 3126 869 3190 Dentes
891 3150 969 3191 vero
990 3132 1046 3193 lo-

2 3217 127 3277 osterum
156 3229 267 3280 acutos
297 3226 329 3276 et
350 3233 480 3275 voraces
504 3214 653 3300 leoninis¹
669 3212 793 3288 similes
814 3233 885 3276 esse
904 3209 970 3308 jam
992 3216 1047 3296 di,

1 3304 67 3354 serat
85 3298 157 3364 Joel
182 3317 219 3380 1,
240 3308 290 3378 632
311 3297 351 3360 de
371 3299 524 3360 anaxillae
546 3299 762 3376 enim-leonis
784 3309 817 3360 et
837 3301 977 3362 locustae
998 3303 1047 3362 si-

1 3377 175 3465 militudine,
216 3387 255 3448 de
285 3405 346 3471 qua
373 3386 458 3446 inter
482 3395 566 3446 retes
610 3385 691 3446 oclis
711 3383 842 3470 quidam
861 3385 1046 3472 loquuntur,

1 3473 37 3520 ¹⁰⁵
53 3469 172 3534 videtur
192 3471 350 3552 ambigue.
370 3503 413 3516 -
454 3407 500 3530 ξ’
521 3481 553 3544 9.
591 3469 754 3532 Thoraces
776 3472 832 3555 qui
853 3468 1046 3534 videbantur

6 3541 113 3618 hereos
136 3551 231 3620 facile
254 3567 344 3620 vates
367 3555 509 3618 locustae
531 3557 656 3640 pectori
683 3555 762 3616 duro
795 3555 929 3646 cuteque
951 3557 1044 3620 firma
1103 3581 1106 3586 ·
1153 3563 1157 3573 ’

6 3638 105 3724 punito
123 3645 262 3706 tribuero
283 3651 426 3727 poterat,
462 3651 499 3700 ut
520 3639 632 3703 Damir
655 3641 683 3720 l.
701 3661 728 3702 c.
749 3651 860 3737 pectus
882 3635 951 3737 ejus
973 3643 1049 3703 leo-

2 3725 89 3785 enurn
114 3723 278 3806 nominat,
311 3721 354 3788 cs.
376 3721 476 3786 dorso
504 3722 658 3794 durescit
688 3731 838 3786 amictus
846 3747 858 3802 3
890 3721 1046 3789 armavit

6 3810 109 3870 acturo
137 3821 264 3876 cutem'
278 3805 442 3874 Claudisn.
464 3821 516 3885 83,
538 3821 570 3882 2.
589 3817 621 3880 3.
650 3808 829 3873 Fremitum
850 3811 1055 3873 locustarum

4 3883 156 3960 volantium
187 3917 304 3960 sonum
319 3923 322 3926 ·
340 3890 460 3958 referre
497 3916 651 3982 equorum
683 3897 826 3958 curribus
863 3887 1047 3991 junctorum

5 3973 205 4056 accurrentium
231 3985 356 4046 eminus
385 3979 529 4042 auditum
551 4001 646 4065 supra
666 3979 705 4040 ad
728 4001 759 4041 v.
776 3987 807 4048 7.
829 3991 975 4042 notatum
997 3991 1048 4042 est

6 4048 47 4124 (ls-
63 4058 128 4128 Joel
143 4079 173 4148 ρ,
194 4079 225 4139 5.
247 4065 333 4130 Plin.
357 4065 391 4136 h.
410 4085 442 4127 n.
465 4061 529 4142 lx,
551 4071 638 4144 29.);
666 4061 721 4128 sed
743 4063 907 4128 difficilius
930 4065 984 4127 hic
1008 4063 1048 4126 de
1132 4091 1137 4100 ·

5 4129 116 4214 lectione
137 4153 273 4237 genuina
293 4147 427 4250 judicari
449 4161 567 4236 potest.
611 4150 647 4214 Si
671 4151 811 4217 enimet
832 4137 993 4235 cippaticos
1014 4161 1046 4212 et

787 4263 876 4345 12*
