2572 4868
201 388 301 466 ,240
359 380 403 452 11.
426 379 603 454 vasone..
640 379 702 452 111.
719 392 753 461 ο.
791 377 834 452 a,
851 381 886 452 a
912 382 1000 479 cap.
1014 339 1079 478 '14
1102 345 1146 466 4.
1163 395 1192 469 5.

142 541 152 563 ⁸
211 565 331 646 aelligi
354 563 523 652 audirique
544 587 611 628 non
632 587 729 652 pesse
748 577 899 654 putarent
921 563 1243 653 (cf.a‹lQ,17.),m

116 667 118 677 '
169 643 175 660 '
209 655 352 737 ¹saepius
373 673 481 714 rerum
501 653 538 714 in
558 652 649 713 coelo
670 652 875 720 infandarum
897 653 1093 743 laudumque
1115 657 1250 721 divinam
1285 656 1286 671 ¹

221 739 366 802 auditum
398 739 500 800 beatis
532 749 657 800 tamtum
673 740 882 826 ·voluptatem
912 741 1078 805 infinitam
1099 745 1252 808 afferrelr

185 849 188 854 ·
222 836 314 908 gunt.
362 822 444 886 Vox
472 823 550 886 haec
578 835 692 908 utpote
710 826 902 906 arrgelorum
922 827 1103 891 multorum
1121 827 1250 892 altissim

125 917 127 924 '
223 923 272 974 est
293 905 348 996 (cf.
372 922 401 985 1,
424 919 474 979 15.
497 916 527 986 6,
549 922 579 979 1.
604 911 721 996 ibique.
734 911 819 991 not.)
843 932 1022 998 sonumque
1043 917 1190 976 citharae
1206 915 1242 974 mi

222 997 440 1060 modulationi
458 996 672 1058 accinentium
692 991 793 1058 refert
814 993 870 1082 (cf.
894 997 933 1059 ad
954 1007 984 1071 5,
1005 994 1073 1078 8.);
1102 1003 1179 1086 ipsa
1189 1018 1245 1062 aaa

222 1082 386 1154 decantata
410 1100 499 1144 nova
530 1093 576 1142 at·
590 1079 736 1159 inaudita
755 1079 907 1146 videntur
930 1079 986 1160 (cs.
1008 1081 1048 1145 ad
1066 1093 1098 1163 5,
1120 1089 1188 1167 9.),
1215 1103 1254 1170 qn

220 1160 410 1232 mortalium
424 1167 541 1228 menti
571 1165 659 1230 haud
687 1168 895 1256 percipienda
916 1169 1003 1231 beati
1022 1183 1152 1234 tantum
1175 1171 1258 1232 inlelli-

222 1266 300 1336 gant
320 1253 482 1314 intellecta
503 1273 544 1314 ue
564 1253 713 1338 repetant
732 1253 912 1339 (μαθεῖν).
965 1250 1156 1344 Angelique
1177 1258 1209 1317 hi
1224 1277 1262 1318 rm

222 1339 329 1403 menti
351 1337 445 1401 Sioni
464 1273 606 1416 sistant,
630 1341 687 1426 qui
704 1349 741 1400 ut
762 1341 926 1402 terrestris
946 1339 1054 1422 imago
1076 1345 1116 1406 in
1137 1341 1262 1405 coelele-

169 1465 173 1474 ·
223 1421 338 1488 feriori
367 1425 449 1486 situs
481 1423 667 1504 cogitindus
695 1435 745 1488 ast
772 1421 871 1511 (unde
894 1447 928 1488 se
950 1447 968 1488 e
992 1423 1082 1489 coelo
1102 1449 1214 1492 vocem
1229 1449 1264 1488 ar·

223 1509 307 1572 disse
329 1509 409 1572 dicit
431 1514 521 1572 'vates
542 1531 575 1572 v.
596 1519 627 1580 2.
649 1511 703 1572 cll.
724 1521 774 1588 10,
795 1513 890 1580 4-8.
986 1523 1036 1582 12.
1058 1517 1147 1596 15.)‚
1186 1513 1230 1584 sad
1249 1551 1267 1572 ο

223 1595 314 1659 decet
333 1594 386 1659 dei
404 1595 525 1658 throno
549 1596 741 1658 animalibus
764 1607 898 1684 quatuor
972 1600 1176 1690 sbyterisque
1191 1601 1260 1661 ciam

221 1678 277 1771 (c'f.
307 1681 441 1746 eandem
469 1680 651 1746 fictionem.
664 1691 696 1760 5,
718 1673 886 1768 11-14.),
919 1694 956 1744 ut
990 1685 1043 1768 pii*
1074 1707 1149 1750 cum
1175 1683 1261 1747 Messi

221 1769 351 1832 collecti
389 1788 506 1830 sonum
538 1789 655 1831 eorum·
670 1769 808 1852 ,etninus
828 1767 968 1832 audiant.
990 1762 1214 1856 riyopaeprr'ror
1242 1780 1256 1821 »Γ

222 1855 263 1917 ad
283 1849 359 1932 5,‘,9.
382 1857 467 1932 not.)
490 1843 558 1918 οἷπὸ
578 1853 638 1938 τῆς
658 1854 720 1940 γῆς
740 1853 875 1924 redemti
896 1875 921 1915 a
941 1859 1039 1916 terra
1060 1858 1083 1919 i.
1101 1877 1133 1920 e.
1156 1868 1261 1918 arena

220 1941 406 2027 (hominum
427 1938 628 2018 vulgarium,
648 1938 733 2002 unda
753 1958 786 2002 v.
806 1943 839 2009 4.
859 1937 926 2006 τῶν
942 1928 1140 2024 ἀνθρώπων
1154 1954 1260 2026 cumrp

246 2020 451 2108 errnuctatur)
485 2025 579 2086 vitiis
612 2036 645 2087 et
676 2025 908 2086 calamitatibus
941 2025 1074 2088 liberati
1108 2027 1258 2114 deoquerl

219 2049 357 2177 ilessiae
379 2111 518 2173 cultores
537 2122 630 2198 atque
652 2112 741 2172 cives
758 2112 913 2189 coelestes
934 2104 1021 2172 facti.
1050 2144 1093 2159 -
1141 2113 1186 2177 V.
1201 2116 1256 2182 lt

212 2198 337 2262 'Fusius
368 2191 434 2296 jam
460 2195 511 2283 pii
539 2198 577 2264 hi
599 2195 819 2278 distinguendi
844 2206 876 2260 et
899 2195 1062 2280 imprimis
1086 2197 1200 2284 quibus
1215 2197 1255 2258 tir

218 2287 340 2348 tatibus
361 2286 450 2346 viam
472 2279 535 2344 sibi
554 2279 595 2346 ad
616 2293 704 2345 tanta
728 2282 842 2364 gaudia
861 2283 1079 2364 muniverint,
1110 2284 1251 2348 describe·

219 2373 296 2434 dum
317 2381 394 2433 erat.
434 2363 564 2432 illorum
586 2371 753 2432 sanctitate
777 2380 809 2432 et
829 2369 972 2430 castitate
993 2368 1040 2430 ita
1063 2371 1249 2444 emiserim

218 2451 376 2542 virgines
408 2451 473 2514 diei
501 2465 632 2540 queant,
666 2449 881 2518 foeminarum
901 2455 1050 2535 contagio
1070 2456 1249 2519 haurirem·
1284 2477 1285 2528 ,

218 2537 352 2616 inirrati3
390 2537 565 2622 παρθένος
600 2541 689 2604 enim
711 2533 991 2635 Graece-judaeis
1018 2551 1051 2600 et
1079 2531 1241 2610 Patalete
1282 2533 1285 2606 l

217 2625 293 2691 viro
324 2624 422 2687 etiam
448 2635 535 2686 casto
556 2621 673 2688 dicitur
694 2623 735 2690 cs.
756 2624 847 2688 Suirl.
869 2625 927 2687 sub
950 2624 1136 2690 v..Suiceri
1151 2627 1237 2690 batur·
1283 2639 1285 2644 ‘

218 2707 425 2800 παρθενικοί
451 2711 488 2773 in
516 2711 634 2775 oracul.
650 2711 774 2794 Sibyll.
801 2707 1169 2798 p.201.ed.Ga11aei;
1193 2703 1242 2772 nit

214 2839 272 2903 vel
299 2860 317 2902 a
342 2820 468 2934 {¹¹2³th
489 2841 602 2906 'serius
627 2839 839 2911 masculinum
866 2821 987 2932 bimi,
1026 2827 1129 2902 lioba
1164 2831 1252 2904 Julnit
1277 2823 1285 2949 p

216 2939 374 3034 Syriaque*
400 2944 574 3012 formatum
595 2957 662 3026 est,
696 2958 733 3010 ut
756 2967 807 3032 ap.
829 2944 982 3012 Gaulmin
1001 2947 1040 3012 ad
1068 2950 1146 3012 libr.
1167 2947 1202 3009 de
1219 2943 1256 3002 til·

216 3045 249 3102 et
269 3047 374 3097 inerte
392 3035 497 3098 Masis
518 3036 747 3121 p.'222-224.
767 3031 817 3097 ed.
839 3033 866 3096 F
867 3037 932 3096 abr.
949 3029 1128 3098 Assemani
1148 3030 1219 3096 bibl.
1231 3045 1258 3090 rr·

217 3117 258 3181 T.
275 3131 304 3190 1.
324 3142 357 3208 p.
372 3128 446 3195 362.
471 3115 513 3182 cf.
536 3119 638 3192 QCor.
663 3132 712 3196 11,
730 3129 769 3191 2..
831 3115 906 3202 Qua
927 3121 1072 3184 castitate
1092 3121 1258 3204 interpreter

215 3205 334 3270 volunt
354 3201 422 3274 fere
444 3216 554 3276 vatem-
569 3197 723 3267 ambiani
738 3200 914 3268 virtutum
934 3219 1084 3286 ornatum
1104 3207 1280 3292 exprimat,

215 3292 379 3369 voluisse,
411 3303 537 3358 utnon
557 3289 759 3353 matrimonii
780 3291 996 3370 abstinentia,
1026 3293 1087 3356 sed.
1104 3295 1192 3355 vitae
1212 3301 1279 3381 tar-5

215 3385 285 3438 tum
305 3397 323 3438 a
344 3379 539 3442 scortatione
560 3379 713 3439 immunis
733 3375 804 3438 laus
819 3375 874 3438 hic
886 3377 1098 3464 Praedicetur.
1130 3379 1169 3440 Si
1181 3385 1278 3461 talieta*

214 3464 416 3528 matrimonii
443 3465 670 3527 abstinentiam
701 3473 771 3523 tum
798 3463 955 3547 temporis
972 3463 1103 3526 ludaeis
1123 3461 1264 3525 christia·

214 3550 331 3635 nisque
360 3547 446 3612 haud
482 3551 592 3634 paucis
627 3549 763 3634 plurimi
795 3541 910 3622 factam
938 3569 1008 3612 esse
1037 3548 1157 3638 (1Gor.
1176 3559 1205 3618 7.
1236 3533 1260 3604 cl.

217 3632 380 3698 Gaulmin.
401 3635 425 3696 l.
442 3647 468 3697 c.
487 3656 520 3718 p.
531 3646 605 3704 292.
624 3644 676 3704 23.
718 3631 820 3696 clem.
832 3655 883 3720 ep.
896 3645 926 3704 1.
939 3645 971 3705 2.
994 3634 1034 3696 ad
1054 3637 1171 3698 calcem
1190 3629 1224 3696 N·
1238 3627 1259 3690 T·
1275 3652 1280 3723 J

212 3717 379 3784 Walsten.
410 3715 454 3784 A.
483 3719 628 3782 Neander
657 3715 850 3782 Geschichte
881 3717 937 3782 der
969 3720 1096 3784 christl.
1124 3707 1259 3783 Reburri

173 3851 175 3864 .
213 3804 340 3869 Kirche
361 3805 397 3868 P.
408 3817 440 3876 2.
458 3826 492 3890 p.
506 3813 579 3875 475.
599 3800 687 3888 659.)
699 3815 916 3888 reputatam,
947 3806 1010 3882 hoe
1031 3808 1148 3886 saltem
1169 3823 1258 3868 cona·

212 3892 353 3956 dendum
380 3904 442 3967 est,
479 3903 586 3954 vatem
610 3891 665 3952 hic
691 3891 793 3952 vitam
814 3893 852 3960 ab
866 3895 963 3976 'omni
982 3893 1205 3958 illecebrarum
1226 3907 1254 3970 gr

212 3999 290 4042 nere
311 3989 472 4042 servatam
491 3979 741 4052 sanctissimam,
763 3978 888 4063 qualem
908 3975 983 4062 ipse
1002 3981 1150 4064 cupiebat
1168 3991 1252 4062 pom·
1272 4005 1277 4033 ι

123 4095 126 4102 ·
212 4063 375 4152 labatque,
398 4064 575 4126 describere
594 4064 751 4124 voluisse.
774 4068 805 4128 οἱ
828 4056 1096 4140 ἀκολουθοῦντες
1117 4067 1172 4150 qui
1194 4063 1256 4124 lter

213 4153 292 4214 siam
314 4167 503 4238 quocunque
520 4167 553 4210 se
572 4159 676 4212 vertat
696 4161 888 4233 sequuntur,
909 4151 971 4212 toti
989 4151 1066 4232 eigo
1087 4143 1256 4212 hairtam
1274 4175 1278 4209 ;
