2786 4858
271 365 354 446 aas·
425 352 469 424 Π.
488 349 666 438 Visiones
681 311 765 434 'nt‘
783 366 816 435 r.
843 355 940 440 O-:a
959 355 1055 450 ..Can
1071 370 1131 448 20.
1156 371 1195 446 4.

268 539 363 605 nan.
383 536 454 600 aa.
500 559 527 601 s.
547 535 643 600 vn.
664 523 882 622 esstote..
912 537 1056 620 corrant
1069 537 1256 615 sessione
1272 540 1316 606 a..

185 661 193 678 ι
269 624 466 689 Chiliasmus
518 669 525 686 .
543 641 573 694 1.
585 634 617 696 2.
641 633 735 694 1781.
756 623 828 708 (qui
846 624 954 688 tamen
973 627 1056 706 libet·
1076 629 1177 712 animi
1195 630 1316 694 acerbio-

268 714 315 774 ris
337 725 370 773 et
391 721 571 772 cornrnonta
591 711 717 794 poetica
739 729 874 796 spesque
895 715 1007 790 generi
1034 713 1175 775 humano
1202 710 1256 775 aut*
1269 736 1317 778 ne·

269 797 421 860 caesarias
446 807 500 858 aut
519 795 743 857 condonandas
765 795 850 857 male
873 807 905 858 et
923 797 1034 882 inique
1055 801 1256 862 aestumantis
1275 801 1317 862 in·
1363 845 1365 854 .

269 884 353 945 dicia
382 879 447 944 fert
476 876 601 962 gravia)
626 877 675 964 ¹).
736 875 844 962 Quam
875 881 1005 967 quidem
1021 882 1072 948 ,de
1090 885 1245 948 milliario
1258 885 1314 958 ,lior

189 1013 192 1026 .
269 969 460 1054 opinionem
482 988 539 1052 spe
559 977 591 1028 et
616 966 704 1034 rotis
724 977 909 1052 conceptam
931 980 1020 1030 vates
1042 968 1088 1030 sic
1111 969 1151 1033 ad
1167 991 1232 1032 rem
1245 971 1322 1034 chri,

267 1058 406 1117 stianam
432 1047 595 1115 transfert.
647 1051 700 1114 Pii
727 1073 838 1114 omnes
868 1053 959 1128 (nam
979 1075 1012 1122 γ.
1033 1057 1065 1123 4.
1097 1054 1194 1141 impii
1214 1066 1316 1119 tannm
1360 1098 1364 1114 .

267 1139 496 1218 excluduntur)
518 1138 657 1226 imperio
675 1139 846 1217 gentilium
857 1135 1131 1222 Rotnanogdeleto
1149 1163 1217 1204 non
1230 1142 1316 1227 quiete

230 1265 235 1282 ι
267 1238 393 1289 tantum
424 1226 540 1298 vivent
571 1244 735 1309 regnoque
750 1227 753 1242 '
769 1235 941 1300 terrarum,
977 1245 1042 1312 quo
1080 1227 1216 1305 gentiles
1245 1227 1316 1288 abusi

268 1323 366 1388 suntn
396 1309 595 1391 gaudebunt,
630 1309 685 1370 sed
714 1309 871 1389 singulari
898 1312 996 1372 etiam
1016 1309 1154 1374 Messias
1176 1311 1317 1396 praesenti

266 1399 403 1466 numine
420 1407 464 1478 ¹et
483 1396 584 1458 tutela
605 1395 791 1480 superbient
812 1387 920 1479 (gesuri
942 1395 1003 1462 eod
1024 1399 1159 1484 χριστοῦ
1182 1417 1213 1459 v.
1228 1402 1255 1466 4.
1272 1393 1315 1477 a).

269 1481 462 1568 Omnesque
489 1482 623 1543 omnino
649 1481 699 1566 pii
727 1482 880 1544 societate
906 1481 967 1544 hac
999 1481 1089 1543 beata
1111 1475 1214 1578 juncti
1233 1493 1315 1556 erunt,

267 1570 314 1630 ita
341 1580 378 1630 ut
404 1577 594 1646 anartyres‚·
610 1587 746 1651 quorum
772 1567 948 1630 maximam
968 1568 1095 1650 copiam
1116 1589 1134 1629 e
1156 1580 1314 1653 temporum
1357 1605 1360 1613 ·

265 1656 400 1716 illorum
428 1653 562 1732 ingenio
593 1653 778 1772 exspectare
807 1652 901 1728 licet,
944 1653 1127 1739 mortuique
1158 1653 1314 1718 resuscitati

265 1739 529 1824 irnmortalesque
549 1733 626 1798 facti
668 1745 680 1811 )
701 1759 759 1798 nec
781 1738 923 1823 aruplius
939 1739 1083 1822 praemio
1103 1739 1168 1802 hoe
1186 1737 1313 1826 privandi

266 1825 427 1910 cogitandi
455 1828 532 1886 sint.
582 1819 683 1908 quue
705 1844 722 1884 e
744 1823 1081 1907 potissimispiorum
1100 1827 1252 1908 praemiis
1271 1834 1314 1898 est.
1364 1841 1365 1906 ζ

266 1911 353 1998 qnod
375 1910 451 1978 dum
471 1907 569 1994 impii
588 1922 692 1970 morte
708 1909 828 1992 sepulti
847 1902 968 2004 jacent,
989 1909 1055 1992 ipsi
1075 1902 1141 2004 jam
1163 1924 1234 1974 ante
1246 1905 1312 2006 judi·
1364 1909 1365 1912 ’

264 1999 350 2060 cium
376 1995 529 2058 ultimum
555 1992 730 2080 mundique
756 1995 855 2058 finem
885 1995 1024 2056 atvitae
1046 1993 1312 2084 gaudiofruantur

264 2095 298 2148 et
317 2084 535 2168 praemiorum
555 2081 640 2141 vitae
660 2077 781 2141 mundo
803 2091 960 2142 renovato
981 2065 1185 2144 beatissimae
1208 2100 1312 2146 sensum

263 2177 479 2255 praegustent.
540 2163 639 2227 Sedes
666 2165 799 2250 imperii
825 2163 1054 2246 Hierosolyma
1084 2167 1149 2228 erit
1177 2188 1210 2230 v.
1225 2177 1263 2242 .9‚
1287 2173 1312 2226 ut

224 2269 227 2276 '
287 2257 442 2340 rophetao
468 2261 593 2314 veteres
623 2247 725 2326 Sioee
754 2252 834 2312 olim
850 2252 970 2330 legum
998 2251 1186 2315 divinarum
1212 2253 1310 2316 cultun
1364 2309 1365 2316 ,

261 2277 381 2402 Eretum
411 2339 657 2421 beatitatemque
683 2336 845 2398 infinitam
872 2331 944 2400 fore
965 2333 1100 2398 ominati
1121 2350 1236 2414 arante
1261 2357 1311 2398 cer·
1364 2343 1365 2346 ’

262 2431 393 2512 tumque
415 2426 512 2486 etiam
528 2434 596 2497 est‚·
608 2422 692 2483 vatis
702 2424 802 2492 menti
824 2422 975 2484 ecclesiae
990 2419 1042 2482 dei
1057 2423 1123 2508 piis
1134 2421 1310 2486 resuscitatis

262 2513 299 2574 in
308 2525 406 2573 terra
431 2520 538 2592 sancta
560 2509 724 2588 regnantis
740 2508 979 2586 imaginemab
1006 2505 1063 2570 Ez·
1081 2517 1198 2582 3.7-39·
1221 2508 1308 2570 adun-

260 2597 385 2661 bratam
413 2595 590 2676 obuersari.
623 2635 627 2642 ·
652 2591 761 2680 Neque
797 2596 927 2677 piorum
960 2614 1092 2672 regnum
1126 2595 1191 2657 hoc
1220 2611 1306 2658 omres

262 2684 395 2750 omnino
424 2694 527 2758 terrae
561 2677 710 2758 regiones
737 2678 979 2762 complectitur,
1011 2677 1067 2740 sed
1091 2673 1160 2744 fere
1184 2701 1235 2744 eas
1256 2691 1307 2739 tan·
1362 2719 1363 2722 ,

259 2780 346 2846 tum,
381 2765 421 2830 ad
441 2787 518 2854 quas
540 2765 617 2828 libri
637 2761 733 2858 hujus
755 2765 869 2848 scripti
891 2775 1037 2848 tempore
1059 2765 1177 2845 religio
1199 2762 1312 2828 ernist.

260 2877 319 2919 ana
339 2864 515 2942 propagata
536 2861 620 2928 erat,
648 2847 789 2913 Romani
810 2850 909 2929 igitur
930 2849 1061 2936 imperii
1083 2845 1189 2936 (orbis
1217 2859 1310 2914 terro·

295 3013 327 3087 1)
345 3015 480 3070 mundum
495 3018 578 3068 certis
592 3013 716 3078 periodis
731 3030 780 3066 seu
789 3011 881 3081 Kalpe
893 3012 1020 3078 judicari.
1032 3013 1137 3067 destrui
1157 3027 1185 3068 et
1202 3009 1309 3068 renovari

266 3145 269 3152 ,
332 3097 454 3142 statuunt
470 3086 541 3138 Indi.
582 3085 648 3138 Pios
669 3089 747 3152 prius
764 3102 847 3152 quam
862 3089 970 3150 impios
991 3086 1195 3139 resuscitandos
1213 3083 1309 3138 infinitis

331 3164 425 3211 ornari
441 3161 571 3225 praemiis
589 3155 655 3206 dnm
668 3159 754 3222 impii
772 3168 861 3208 irrorte
877 3154 995 3224 ignobili
1015 3158 1116 3222 sepulti
1135 3161 1203 3222 sint,
1222 3159 1309 3225 primus
1361 3157 1362 3162 ’

330 3229 447 3282 tinxisse
465 3227 573 3280 videtur
591 3244 627 3279 ex
644 3225 804 3279 notionibus
821 3231 937 3293 persicis
957 3225 1013 3294 (of.
1030 3227 1237 3281 Zend-Avesta
1257 3225 1282 3277 P·
1291 3225 1310 3277 3·

331 3317 360 3369 p.
375 3309 435 3360 111.
453 3308 516 3359 112.
528 3299 578 3351 ed.
599 3300 700 3367 germ.)
723 3299 795 3358 Dari,
813 3307 857 3362 12,
872 3306 899 3356 2.
918 3305 943 3360 3.
967 3303 1017 3365 qui
1034 3309 1126 3352 tamen
1146 3301 1224 3352 mille
1238 3307 1309 3349 annot

332 3389 390 3424 non
412 3370 511 3431 haben
538 3387 603 3424 nam
628 3370 855 3432 Ez.37‚1-·28.
879 3369 995 3434 Jes.26,
1014 3374 1119 3430 18.19.
1144 3370 1218 3424 haud
1242 3363 1309 3419 dubie

331 3441 460 3512 imagines
477 3453 584 3506 tanturn
603 3440 636 3494 de
655 3441 760 3563 pppulo
779 3445 925 3503 universo,
949 3441 1036 3508 qualis
1055 3446 1132 3508 prius
1151 3453 1220 3505 erat,
1246 3435 1309 3506 quasi

333 3530 370 3566 ex
388 3512 486 3564 inseris
504 3511 670 3588 reducendo!
695 3512 895 3569 trestitueudo
914 3509 1075 3578 finguntur,
1099 3529 1251 3582 quanquam
1267 3506 1310 3560 loci

327 3585 359 3636 hi
377 3587 494 3636 seriores
513 3595 587 3658 vates
606 3583 640 3635 ad
658 3595 813 3635 commenta
832 3601 882 3634 sua
899 3581 1014 3637 duxisse
1033 3583 1170 3639 videntur.

293 3675 325 3744 ρ)
351 3679 447 3744 quaeri
470 3673 517 3726 liic
544 3679 649 3742 possit,
681 3692 714 3726 an
742 3685 817 3726 vates
840 3679 903 3741 pios
924 3678 1005 3742 regni
1021 3673 1105 3740 hujus
1125 3671 1176 3724 sub
1196 3667 1309 3736 auspiciis

307 3739 451 3806 ‘viventes
477 3747 535 3813 ejus
565 3747 667 3814 gaudio
692 3748 789 3808 simul¹
804 3745 876 3809 frui,
907 3757 935 3796 et
961 3745 1103 3811 quomodo
1126 3743 1186 3802 <boc
1209 3743 1309 3812 passini.

328 3820 477 3885 cogitarit?
505 3816 558 3869 Sed
587 3823 611 3870 si
638 3817 672 3868 de
698 3815 1049 3870 fatishominumsuturis
1069 3827 1234 3876 sermnem,
1261 3821 1307 3860 itm

287 3925 289 3933 .
327 3905 426 3957 parurn
453 3888 487 3942 tle
509 3885 670 3942 horninibus
689 3887 741 3942 sub
759 3889 864 3940 ordinis
887 3892 954 3940 novi
971 3891 1083 3940 initium
1101 3885 1252 3940 virentibus
1268 3894 1307 3930 co·
1358 3935 1359 3946 γ

140 3991 143 4001 ,
235 3959 239 3976 '
328 3967 449 4029 gitatur,
478 3969 505 4012 et
527 3972 671 4026 tantopere
699 3976 761 4028 spes
788 3964 817 4012 in
846 3959 957 4010 mortuis
984 3971 1105 4023 tautum,
1133 3961 1196 4026 qnia
1220 3955 1307 4006 horum

325 4033 411 4099 longe
428 4035 548 4084 inanima
570 4041 613 4080 est
637 4035 732 4096 copia,
762 4030 917 4087 detinetur,
946 4039 978 4080 ut
996 4041 1085 4083 vatent
1104 4029 1137 4080 de
1155 4029 1197 4079 his
1215 4034 1306 4078 tantum

261 4101 264 4108 ‘
325 4103 404 4176 toqui
422 4101 495 4154 haud
513 4107 550 4155 sit
566 4105 679 4152 mirum.
716 4101 850 4154 Similiter
868 4105 953 4154 ceteri
967 4102 1002 4154 N·
1012 4102 1045 4153 T.
1064 4105 1211 4170 scriptores
1226 4095 1306 4170 (prae-

321 4185 366 4296 lrer
385 4171 503 4296 Papium
520 4177 551 4226 in
569 4189 632 4242 epp.
650 4173 683 4226 ad
700 4172 847 4240 Thessal.)
864 4189 974 4241 seraper
992 4171 1051 4226 sere
1068 4171 1103 4226 de
1120 4173 1236 4226 mormis
1252 4163 1306 4218 solit

334 4261 484 4313 oquunur.
909 4271 912 4280 ι
