2572 4868
164 379 168 428 1
228 369 303 463 196
369 365 413 437 11.
442 361 619 438 verone..
677 364 723 434 11.
748 375 783 445 3.
836 366 923 462 cap.
947 379 1006 457 11,
1031 340 1168 448 3—13·

228 552 370 641 spatium
400 560 524 613 tantum
556 545 715 630 significat
747 560 871 616 utnon
894 549 1079 630 brevissimi
1102 550 1151 613 ite
1173 547 1249 612 necui

227 643 293 705 mis
310 637 404 720 longi
422 636 594 723 temporis.
637 635 769 719 Septem
787 638 876 700 enim
895 658 1053 702 annorum
1071 639 1208 724 spatium
1221 655 1251 694 cu

229 725 385 792 Hebraeis
413 715 480 818 jam
510 720 741 784 vetustioribus
770 724 870 808 spatii
889 719 976 784 ¹satis
1001 725 1098 804 longi
1120 722 1253 786 notatiori

153 867 157 873 .
230 833 309 892 vaga
331 807 463 886 (lud-6,
479 817 508 876 1·
520 814 573 877 25.
594 815 643 880 125
664 815 696 878 9·
717 807 903 884 28³1&th
926 819 978 880 13·
998 808 1121 871 Ezech·
1134 819 1184 882 39.
1200 799 1248 879 ud

231 907 355 983 septem
375 913 504 956 menses
524 894 567 955 ib.
590 913 623 952 v.
644 889 793 980 1214),
821 895 960 958 seriores
986 895 1121 982 quidem
1141 893 1246 979 posto

182 1056 185 1064 ¹
230 983 312 1048 lium
333 977 452 1042 Judaeir
474 979 615 1064 spatium
642 978 753 1064 paullo
783 982 892 1044 minus
922 982 1111 1065 expresSuri
1141 995 1248 1041 nurnero

230 1071 317 1133 hunc
335 1085 459 1128 sacrum
479 1063 626 1135 dividere
642 1077 894 1142 consueverunt,
917 1065 963 1126 ita
984 1079 1019 1126 ot
1035 1068 1071 1129 in
1089 1067 1162 1128 vita
1183 1057 1272 1150 quoqu*

231 1153 359 1233 vulgari
374 1162 440 1212 tres
454 1151 531 1212 anni
546 1169 617 1211 cum
634 1151 783 1212 semestri
797 1169 971 1214 annorum
986 1148 1125 1238 aliquot
1140 1147 1257 1231 seuppatl

231 1238 391 1323 temporis
413 1238 491 1298 satis
511 1235 603 1316 longi
621 1256 684 1296 nec
700 1247 809 1298 tamen
830 1237 928 1298 nimii
948 1241 1074 1298 notatio
1098 1247 1183 1299 esset
1204 1251 1258 1309 vav:

274 1326 447 1410 obaturque
462 1320 503 1388 ,id
550 1325 652 1382 r'aeter
673 1321 743 1384 loca
766 1341 784 1383 e
802 1315 901 1383 Rabb.
919 1321 1003 1406 apud
1019 1320 1148 1386 Wctst.
1163 1329 1259 1397 congesta

249 1410 316 1472 ocis
332 1408 503 1494 praecipue
517 1343 631 1481 linoln
648 1415 702 1477 25.
722 1405 787 1467 ¹dac.
802 1414 833 1482 5,
854 1417 905 1476 17.
926 1399 1040 1492 quibus
1056 1407 1149 1472 Elias
1165 1405 1259 1492 plution

233 1515 292 1582 per
321 1509 385 1558 tres
416 1505 449 1555 et
474 1492 646 1561 dimidium
676 1512 778 1554 annos
800 1493 984 1578 cohibuisse
1007 1487 1114 1556 fertur
1134 1509 1260 1580 quanqum

233 1591 327 1643 vetus
348 1577 481 1654 traditio
504 1576 738 1658 1Reg.17.18.
754 1597 859 1664 neque
878 1580 941 1640 hos
960 1600 1062 1643 annos
1083 1599 1186 1665 neque
1203 1561 1272 1640 uttnl

233 1670 392 1753 temporis
412 1660 523 1728 notam
537 1663 576 1725 ad
592 1673 743 1748 posteros
756 1676 1000 1750 propagaverat.
1033 1665 1208 1728 Visionum
1218 1677 1260 1720 vcro

175 1757 177 1766 ’
232 1748 332 1849 hujus
354 1751 467 1812 aetatis
484 1738 612 1813 lictores
631 1747 720 1809 aliud
731 1749 867 1834 insuper
882 1751 937 1812 hic
950 1771 1118 1814 novavere
1137 1763 1272 1827 congrum*

234 1840 317 1926 ipsis
333 1839 452 1899 visum.
494 1833 536 1897 Ut
549 1834 639 1898 enim
655 1835 811 1920 temporis
827 1837 909 1897 hanc
928 1848 1040 1898 notam
1056 1848 1132 1899 turn
1145 1831 1258 1897 sublimius

202 1955 205 1970 ·
235 1935 268 1986 ot
281 1923 449 1986 insolitiirs
467 1933 560 2008 atque
579 1932 667 2001 grata
684 1942 757 1982 cum
771 1921 924 1984 varietate
939 1913 1085 1999 efferant,
1104 1934 1171 1986 tum
1182 1913 1258 1999 nequit

234 2009 378 2072 incurius
395 2009 528 2092 proprio
552 2027 648 2068 sensu
667 2006 914 2086 intelligendam
935 2029 1003 2070 esse
1021 2003 1148 2104 judicet
1168 2007 1256 2067 careant

234 2097 334 2158 trium
348 2105 381 2155 et
398 2091 527 2156 dimidii
544 2113 701 2154 annorum
715 2093 855 2177 spatium
866 2095 967 2155 variis
977 2093 1086 2156 modis
1113 2085 1257 2154 circunscri-

235 2183 309 2244 bere
322 2181 444 2256 solent,
465 2191 501 2240 ut
525 2187 663 2261 tempus*
683 2197 811 2253 unum,
830 2175 898 2240 duo
919 2187 953 2240 et
973 2175 1165 2241 dimidium
1184 2175 1272 2238 Duc.

235 2276 291 2338 25.
308 2275 357 2341 12,
372 2275 403 2337 7.
413 2265 490 2358 iqui
511 2264 635 2348 primus
648 2263 727 2324 haec
741 2263 787 2324 ita
806 2263 1033 2348 pronunciasse
1051 2255 1253 2342 viderur-mpla

237 2363 288 2428 12,
310 2358 360 2421 14.
381 2349 455 2414 dves
478 2355 581 2418 1260
605 2358 654 2426 tt,
679 2357 710 2418 3.
727 2359 765 2416 et
787 2359 838 2425 13,
855 2358 887 2418 5.
908 2360 940 2411 et
958 2369 1094 2412 menses
1116 2356 1173 2425 42,
1190 2342 1249 2408 utto<

237 2439 385 2500 inversu
403 2429 522 2498 factum
544 2431 586 2513 ¹).

323 2547 369 2610 V.
389 2557 505 2618 3-13.
548 2545 699 2632 Sequitur
717 2534 785 2638 jam
805 2544 845 2608 de
864 2543 988 2626 duobus
1008 2547 1198 2628 martyribus
1206 2534 1244 2628 litt·

238 2636 304 2697 siae
326 2635 468 2720 praeviis
488 2630 619 2718 latoque
641 2625 879 2717 quodpropter
899 2654 956 2695 eos
981 2635 1068 2695 urbs'
1090 2621 1243 2696 sanctule·
1270 2667 1271 2698 t

239 2742 300 2808 que
319 2732 490 2806 expertura
511 2731 581 2794 est,
602 2720 743 2781 narratio
764 2720 930 2780 succincta.
958 2715 1043 2802 'Qui
1065 2717 1131 2780 duo
1154 2719 1247 2786 rnartttt
1270 2715 1271 2740 ¹

240 2807 371 2894 quinam
397 2805 463 2866 sint
495 2803 719 2884 intelligendi,
757 2815 828 2866 ante
857 2803 965 2884 omnia
986 2803 1043 2867 hic
1065 2793 1252 2890 disquirendum

241 2891 344 2954 venit.
410 2886 602 2976 Quanquam
637 2891 727 2952 enim
758 2889 892 2950 nomina
920 2889 1036 2952 addere
1068 2891 1174 2954 noluit
1199 2890 1253 2968 vaiet

240 2978 365 3064 pictura
390 2987 498 3040 tamen
523 2973 663 3036 dilucida
687 2984 720 3038 et
755 2976 880 3060 ampla,
914 2995 994 3061 quos
1031 2975 1187 3045 innuerit,
1212 2973 1270 3025 sati¹

241 3062 391 3125 distincte
410 3061 584 3124 lectoribus
596 3059 816 3146 'divinandum
837 3056 942 3138 dedit,
963 3062 1068 3127 itaut
1086 3060 1206 3125 nomina
1220 3057 1257 3108 ute

276 3199 312 3268 1)
335 3199 410 3253 hunc
433 3200 547 3270 quidem
570 3215 701 3252 versuum
720 3197 842 3251 duorum
869 3215 982 3252 sensum
1007 3199 1101 3251 solum
1124 3192 1258 3250 verumtffl’

312 3274 460 3340 explicatio
482 3259 563 3324 docet
581 3272 679 3323 sollers
697 3283 725 3324 ct
742 3271 862 3322 assidua.
897 3268 979 3338 Quod
998 3275 1075 3322 euim
1091 3267 1214 3323 Hcrderus
1225 3266 1256 3318 pu·

311 3349 393 3408 tavit,
420 3359 507 3396 anuos
532 3355 587 3396 tres
606 3354 634 3396 ct
651 3342 796 3394 dimidium
814 3359 829 3393 e
847 3342 1007 3394 Zelotarum
1024 3340 1204 3403 Hierosolyma
1216 3333 1256 3375 ¹⁰⁰⁸

266 3427 271 3437 '
312 3414 457 3466 evertenda
475 3429 525 3481 per
542 3425 649 3466 tantum
667 3413 728 3466 fere
744 3418 878 3478 temporis
896 3416 1015 3479 spatium
1032 3412 1202 3476 desolantiuur
1215 3403 1269 3476 itit,

312 3487 378 3550 gine
402 3485 507 3536 ductos*
526 3501 587 3538 esse
610 3496 755 3553 vatemque
781 3483 916 3552 ternplum
943 3488 1058 3535 omniuo
1080 3477 1269 3548 destructurum}

309 3555 420 3622 iamque
443 3559 510 3608 nori
537 3557 665 3610 coelestis
687 3571 846 3608 incrusurum
869 3559 936 3606 iniri
959 3555 1080 3624 fingere,
1107 3553 1135 3604 id
1150 3537 1269 3600 sarirrhtt

310 3641 378 3678 num
403 3643 464 3678 esee
490 3637 580 3692 patct;
609 3643 689 3686 nom,
709 3639 740 3678 ut
758 3628 810 3678 alia
826 3637 942 3691 taceam,
967 3627 1101 3692 templum
1120 3627 1215 3690 prorsus
1227 3603 1255 3681 def

310 3707 447 3749 structum
463 3703 501 3749 iri
515 3699 673 3762 (titrrnon
689 3703 745 3750 nisi
762 3698 796 3749 ad
815 3700 884 3750 atain
905 3709 933 3749 et
951 3701 1021 3750 ..etv
1039 3690 1167 3764 pertinet)
1182 3694 1202 3736 et
1214 3687 1254 3730 uti¹

310 3783 469 3822 mensuram
485 3771 561 3842 viniri
584 3777 657 3821 vates
681 3787 738 3824 uon
763 3769 845 3830 dicit,
870 3785 961 3836 neque
988 3774 1040 3822 tem
1062 3768 1166 3819 Zelotac
1181 3756 1268 3830 signifi¹

311 3849 436 3906 Possunt·
484 3838 573 3893 Aliter
598 3840 698 3892 Eichh·
722 3842 857 3908 templum
882 3843 1000 3892 interius
1023 3855 1118 3893 verum
1142 3833 1179 3884 det
1200 3826 1268 3871 1¹¹¹¹¹¹¹³

313 3912 420 3974 cultum
442 3914 473 3962 in
499 3911 645 3963 christiana
669 3913 807 3979 religione
823 3927 1000 3976 mansurum,
1024 3907 1178 3963 vestibulum
1192 3897 1253 3946 ΜΨ

309 3983 453 4050 comptior
474 3980 571 4034 urbem
589 3983 643 4048 jam
661 3981 786 4035 moribus
801 3987 896 4048 impiis
914 3981 1082 4050 profanatam
1106 3979 1150 4046 (ut
1164 3967 1254 4042 „rtet”

309 4069 361 4122 pro
382 4051 532 4123 praeterito
559 4053 663 4105 dictum
682 4058 734 4118 rit,
759 4053 834 4121 quod
853 4053 916 4106 ficri
933 4057 1041 4122 nequit)
1059 4045 1204 4106 'ceremonias
1216 4039 1251 4094 βω

306 4123 478 4193 abrogandas
496 4129 613 4177 innuere
631 4137 724 4193 putat;
749 4125 833 4192 idque
851 4129 941 4176 invito
956 4130 1026 4177 vatis
1043 4138 1121 4177 sensu
1138 4111 1251 4166 visionum·

305 4210 360 4264 qne
377 4208 412 4260 ,et
429 4209 559 4250 versuum
578 4211 653 4248 nexu
677 4201 718 4250 sic
736 4201 817 4248 statui
835 4197 887 4263 jam
904 4206 987 4264 supra
1002 4184 1194 4264 ·p.195.i1u11¹l·
1267 4195 1268 4241 t
