2576 4864
189 325 227 398 Ἰ.
253 325 504 406 Prooemium·
551 311 643 422 Cap.
659 339 694 418 3,
718 341 753 410 2·
822 377 826 384 ·
920 315 1052 420 ΙΪῖὄ.

6 541 38 594 u,
64 515 105 578 uti
133 497 288 591 videtur,
306 517 497 578 'ceterorum
523 513 592 576 clv*
611 535 644 576 m
666 515 811 577 moribus
824 517 1018 605 'superiores

19 605 103 690 turpia
124 625 208 690 qnae
229 613 460 687 perpetravere
483 600 565 661 vitia
577 537 680 688 limae
701 602 828 681 singula
851 617 957 669 tamen
975 631 1018 673 ne

9 693 52 770 igit
74 691 201 775 quidem
234 689 421 765 lohannes)
458 685 583 748 tantuin
614 708 631 746 a
660 686 805 750 doctrina
835 692 1017 760 christiana
1043 732 1048 736 ·

6 788 178 852 generarant,
202 786 242 834 ut
267 773 400 836 nomine
421 773 574 833 ecclesiae
594 772 789 836 christianae
810 797 944 859 prorsus
961 781 1017 844 in-

6 864 37 923 ni
53 855 209 954 judicandi
232 873 354 921 essent.
403 855 571 924 Videntur,
587 859 687 936 igitur
709 857 888 926 Christiani
907 869 1017 946 geriti‘-

6 969 34 1006 nr
49 941 170 1030 prorsus
190 967 308 1008 mores
329 945 447 1005 iterum
467 944 578 1005 sectati
600 965 690 1019 esse,
713 966 824 1008 eorum
841 951 1017 1014 irnmemo-
1067 1007 1070 1020 .

5 1053 26 1106 s,
44 1052 103 1114 quae
122 1033 312 1106 christiana
331 1030 537 1108 religio‘non
554 1032 751 1116 patiebatur,
772 1029 857 1097 unde
879 1039 976 1100 etiam
998 1061 1016 1102 a

5 1118 122 1196 utilibus,
153 1119 353 1204 quibuscum
379 1115 480 1176 amice
504 1117 747 1199 conspirabant,
776 1139 833 1180 eos
853 1143 921 1184 non
942 1144 1017 1188 esse

5 1213 75 1262 natos
94 1203 167 1266 inde
198 1204 321 1284 colligi
342 1211 467 1285 potest,
528 1201 590 1262 uod
619 1202 784 1266 tubunas
805 1198 869 1290 τὴν
889 1209 1016 1288 θλίψιν

13 1279 167 1375 ὑπομθνὴν
195 1311 272 1351 non
293 1297 464 1354 memorat,
528 1289 614 1348 sravi
638 1290 735 1367 igitur
758 1291 922 1376 vituperio
942 1317 1014 1358 curn

5 1375 44 1431 ris
70 1377 249 1457 praemisso
271 1394 301 1434 a
328 1374 439 1456 paucis
462 1383 588 1434 tanturn
609 1375 663 1436 his
685 1375 843 1436 vitiorum
864 1378 1014 1442 sordibus

5 1461 199 1543 uinquinatis
223 1455 354 1520 futurae
376 1459 489 1519 salutis
511 1461 577 1543 piis
597 1459 798 1522 imminentis
820 1463 933 1526 vivide
954 1466 1014 1527 de-

7 1543 114 1608 iherulae
143 1567 264 1610 ansam
293 1565 418 1606 sumere
438 1555 558 1639 potest.
612 1543 651 1607 In
673 1546 854 1630 praedicato
874 1549 1014 1616 Messiae

4 1631 203 1708 ructandum,
236 1626 537 1717 septemspzr'itus
558 1626 632 1704 dei,
660 1631 836 1718 dequibus
864 1657 898 1696 v.
922 1635 961 1698 ad
984 1650 1013 1714 1,

15 1711 128 1780 llessiae
149 1717 270 1780 tribui.
315 1711 509 1799 Quanquam
526 1717 614 1778 enirn
636 1717 715 1778 alias
737 1731 861 1804 septem
881 1721 919 1782 hi
941 1724 1013 1807 spi·

4 1819 32 1858 us
53 1801 98 1864 dei
117 1805 284 1866 thronum
304 1803 525 1876 circumstant,
563 1813 672 1865 tamen
693 1814 728 1863 ut
749 1805 812 1866 alia
833 1805 1014 1891 praedicate

4 1883 56 1944 rina
69 1890 100 1950 in
115 1877 279 1952 Messiam
300 1881 552 1962 transferuntur,
573 1889 619 1950 ita
643 1891 816 1973 spirituum
837 1894 933 1954 etiarn
948 1895 1014 1956 hu-

4 1985 31 2026 un
51 1975 189 2056 splendor
223 1969 268 2034 ci.
288 1971 414 2037 Enoch.
438 1978 490 2046 48,
508 1982 540 2042 3.
562 1995 594 2057 p.
610 1983 663 2042 51.
697 1976 751 2035 ubi
784 1979 1014 2063 tres-spiritus

4 2049 85 2120 {eatan
110 2063 325 2124 comitantur.
378 2053 520 2143 Cumque
542 2059 675 2143 spiritus
694 2059 733 2120 bi
753 2059 935 2146 lampadum
956 2086 1014 2128 seu

4 2138 100 2206 culorum
119 2147 306 2210 lucentium
323 2143 464 2224 imagine
486 2145 698 2206 exhibeantur
720 2146 768 2222 (v.
784 2154 910 2231 p.89.),
935 2139 1041 2234 pff*

4 2235 40 2284 tat
57 2231 89 2290 ub
108 2233 192 2296 banc
217 2231 373 2311 imaginis
395 2230 644 2292 similitudinem
665 2251 736 2292 curu
757 2241 887 2317 septem
900 2233 1015 2298 stellis
1033 2238 1045 2314 ,¹

3 2315 115 2388 ¹rasalias
135 2319 281 2381 Messias
298 2329 407 2378 tenere
429 2315 546 2378 dicitur
570 2328 599 2392 1,
620 2323 670 2386 16.
692 2317 957 2405 2,1.)comp0ni,
978 2331 1012 2386 ut

2 2397 570 2500 aahacjuncturallessiamecclesias‚
592 2423 723 2488 quarum
733 2405 893 2468 antistites
906 2408 1012 2470 stellis

2 2495 15 2539 a
21 2489 207 2569 respondent,
219 2487 390 2552 observare
399 2509 513 2574 easque
524 2479 884 2574 nuevpuuacaciaspiritu
895 2489 1010 2557 divino

3 2563 91 2638 ¹litare
104 2577 244 2655 agitatas
259 2595 328 2636 esse
347 2571 462 2636 debere
475 2574 636 2642 innuatur.
658 2569 768 2658 ὄνομα
784 2583 867 2663 ἔχεις
879 2597 1012 2655 nomen,

3 2665 76 2714 tmen
100 2657 206 2722 habes
239 2661 329 2746 quasi
350 2656 466 2732 vivas,
493 2663 697 2746 quanquam
714 2677 836 2721 revera
853 2671 1012 2724 mortuus

2 2747 20 2788 t:
34 2752 90 2802 nuta
109 2747 201 2809 enim
225 2757 276 2808 est
295 2741 553 2828 Apostolorum,
574 2743 666 2804 l'auli
687 2744 868 2828 imprimis,
887 2749 1012 2827 imago,

3 2819 161 2902 trutannus
177 2834 383 2913 ignorantiae
397 2831 519 2914 peccati
532 2841 625 2891 nocte
642 2829 760 2912 sepulti
781 2850 838 2915 per
847 2830 1013 2896 Christum
1087 2903 1091 2910 ,

2 2905 147 2976 ‘tlaranacti
168 2915 454 3012 dicuntur,utja1n
469 2937 567 3002 porro
583 2916 619 2976 in
634 2916 790 2976 virtutum
807 2918 913 2979 studio
928 2931 1013 2980 stre·
1039 2955 1042 2961 Δ

3 2999 26 3042 ll
39 3004 245 3086 persequendo
267 3025 429 3088 nunquam
443 3001 643 3064 delassentur
661 3011 694 3060 et
704 2995 853 3064 fatiscant
864 2997 905 3064 cs.
915 3001 1012 3066 Rom.

3 3081 168 3154 3134005
187 3096 288 3162 411,
316 3088 547 3174 Eph,9‚1.5.
601 3083 705 3164 Igitur·
735 3085 839 3148 Sardii
868 3109 1012 3152 summae
1035 3100 1038 3106 ’
1062 3150 1064 3154 .

2 3169 47 3242 ltus
70 3169 151 3234 vitae
177 3175 374 3237 christianae
395 3171 593 3239 conditionis
614 3174 819 3233 irmnemores
839 3171 939 3242 vitiis
958 3195 1014 3236 se-

2 3236 46 3334 tlti
67 3261 97 3312 et
119 3259 224 3342 quasi
247 3258 378 3321 mortui
400 3272 492 3334 sunt,
529 3270 565 3318 ut
586 3258 739 3318 similiter
760 3247 875 3343 νεκρός
890 3259 1014 3329 ,dicitur
1106 3337 1110 3344 ¹

2 3337 19 3380 ¹1
34 3329 61 3392 itt
78 3340 235 3405 virtutum
257 3343 365 3406 studio
387 3344 604 3426 negligentior
627 3354 659 3404 et
679 3343 807 3422 segnior
826 3356 876 3406 est
895 3344 1013 3408 March.

2 3417 55 3506 ‘22-
76 3449 115 3470 -··
158 3427 205 3491 V.
228 3439 261 3498 2.
303 3429 342 3492 In
360 3432 481 3494 ‘eadem
509 3429 687 3515 persistens
717 3429 857 3510 imagine
872 3433 1014 3518 pergit:

3 3497 78 3584 υζςιία
90 3519 119 3568 ct
130 3507 300 3598 confirma
314 3501 427 3578 cetera'
436 3535 524 3601 quae
544 3505 740 3580 unvai-uua
754 3515 777 3576 i.
786 3537 815 3578 e.
827 3513 1014 3588 moriendo,

2 3577 95 3670 ⁸lando,
125 3598 320 3662 amissurus
348 3621 401 3674 es,
438 3619 516 3681 auge
545 3611 578 3662 et
606 3601 717 3662 obtine
746 3623 826 3686 quae
850 3602 1014 3686 hucusque
1039 3631 1041 3638 r

2 3651 24 3756 *lt
38 3686 168 3743 mansere
188 3685 348 3759 virtutes,
381 3707 423 3747 ne
443 3697 522 3747 mox
547 3697 580 3748 et
606 3686 664 3746 has
685 3687 812 3749 amittas
832 3687 905 3762 (vix
927 3687 1015 3750 enim

2 3748 111 3824 rtuuui
130 3786 191 3849 pro
212 3761 290 3841 τούς
312 3761 449 3845 λοιπούς
463 3770 534 3832 'dici
579 3765 652 3833 osse
674 3770 819 3848 videtur,
851 3771 1013 3858 imprimis

2 3835 81 3930 ,lide
105 3854 211 3931 paucis
233 3855 416 3918 insontibus
446 3852 532 3922 infra
554 3791 683 3920 gernum
705 3879 737 3918 v.
750 3863 781 3928 4.
803 3879 908 3937 sermo
932 3851 1014 3941 fiat).

2 3926 248 4024 tttvradmonum
265 3943 390 4020 ¹variat3
422 3944 562 4022 genuina
583 3945 669 4004 mibi
691 3943 819 4005 virletur
841 3940 1017 4029 ἆὲμελλες

2 4009 158 4098 :ausurum
180 4045 239 4114 pro
262 4049 324 4114 quo
348 4027 425 4090 satis
447 4024 542 4091 multi
564 4049 582 4090 e
604 4029 713 4108 glossa
734 4021 944 4114 ἀποβάλλειν
964 4027 1017 4090 le·
1070 4043 1073 4052 ’

5 4097 56 4164 ”lli
87 4089 138 4164 atil
169 4111 263 4189 multi
291 4135 362 4176 cum
389 4117 509 4198 partim
536 4107 760 4202 imperfectum
787 4113 940 4198 ὲζιιελλες,
975 4135 1017 4176 ex
1048 4175 1052 4190 ,
