2546 4868
250 373 328 446 304
378 318 421 434 Π.
446 360 624 434 Visiones.
652 362 713 446 III.
734 375 767 446 2.
800 364 842 436 C.
857 375 894 446 3.
925 368 1014 465 Cap.
1039 381 1097 459 20,
1117 383 1201 462 9-1.
1268 263 1272 514 l

199 557 203 568 “
230 513 426 622 'traditione
452 557 582 612 tantum
602 546 797 634 scriptorum
829 552 1043 620 hebraeorum
1069 557 1235 620 memoria}
1271 569 1272 592 ¹

248 637 396 700 haesisse
418 636 553 698 constet.
595 634 632 698 Si
654 645 761 701 tamen
780 658 862 723 quae
878 640 922 700 sit
936 643 1106 703 nominum
1120 645 1242 728 origoqu·

249 725 334 788 titur
357 722 403 782 sio
423 717 626 782 statuendum
648 721 790 784 videtur.
834 719 1018 810 Antiquom
1031 729 1142 811 populi
1160 721 1247 820 cupi·

250 803 356 876 Asiae
372 807 542 868 interioris
564 808 683 868 remoti
703 829 825 870 nomen
847 803 950 872 fuisse
972 810 1128 896 Mogog‚
1152 813 1243 897 idptr-
1270 801 1272 854 i

154 939 157 948 .
249 895 320 958 lum
341 890 412 954 sine
437 885 509 971 Gog
530 883 674 987 adjecto,
696 913 739 956 ex
759 890 840 956 Gen.
865 906 947 970 10.2
970 910 1110 980 apparat
1150 895 1235 982 Idpa·

249 981 319 1044 rius
343 975 482 1043 Hebraei
503 998 576 1040 cum
597 998 654 1041 sua
675 997 717 1040 ex
741 977 868 1058 lingua,
890 979 1043 1044 nlocum
1064 983 1235 1066 significarp

250 1076 355 1126 tentes
379 1059 493 1124 locum
515 1057 607 1148 Gogi
629 1064 929 1147 interpretarentur,
949 1086 1071 1130 nornen
1091 1064 1174 1148 Gogi
1192 1069 1246 1130 in

249 1171 363 1231 negem
387 1148 441 1208 vel
470 1166 561 1224 reges
590 1158 692 1222 terrae
721 1147 858 1229 Magogi
884 1151 1128 1237 vicinarumque
1157 1153 1254 1221 deuota

250 1247 336 1310 certe
357 1232 404 1295 sio
425 1230 482 1293 ΕΖ.
500 1239 561 1306 38,
582 1242 614 1304 2.
633 1242 665 1306 3,
695 1233 786 1296 locus
808 1235 1055 1316 mielligendus.
1107 1233 1175 1300 Atii
1199 1236 1258 1302 ἀεὶ

254 1331 330 1407 post
350 1316 571 1394 Ezechielem,
594 1317 681 1392 inter
701 1340 781 1403 quos
801 1332 834 1382 et
853 1334 965 1392 noster
985 1334 1053 1396 est,
1074 1324 1259 1389 nominituo

253 1407 334 1470 ortis
364 1405 438 1465 lusu
470 1401 609 1488 quodam
636 1405 810 1472 verborum
845 1409 921 1486 (012
939 1429 1003 1493 quo
1032 1409 1108 1473 lusu
1128 1404 1256 1474 Arabon

249 1502 378 1605 geist>
401 1502 508 1601 wia
538 1507 656 1597 fecere)
678 1527 715 1576 ut
736 1517 926 1602 synonymis
947 1519 1107 1604 copulatis
1140 1521 1177 1584 ad
1201 1530 1251 1582 om

182 1677 184 1684 ,
248 1603 383 1668 omnino
416 1601 557 1698 populos
583 1612 728 1664 remotos
754 1601 990 1683 significandos·
1003 1606 1055 1666 usi
1078 1618 1160 1669 sunt.
1204 1607 1254 1667 Sin

249 1711 372 1802 Arabes
395 1711 471 1776 inde
500 1695 633 1797 &2359
662 1729 737 1805 ,4123-
763 1711 908 1778 Sinoni
933 1713 1021 1778 Sirra
1041 1739 1173 1804 niagno
1198 1723 1260 1796 (tani

249 1793 443 1899 adjacentes)
465 1793 719 1875 formnrunt.'-,-
739 1801 784 1880 V.
805 1807 837 1874 9.
870 1796 1033 1884 Graphice
1064 1805 1194 1890 populos
1218 1799 1258 1864 it!

247 1883 436 1966 anangulis
458 1895 560 1946 terrae
585 1885 621 1946 in
644 1888 792 1968 regiones
819 1887 994 1972 ampliores
1020 1883 1262 1976 ‘Judaeamqueb-

247 1975 346 2058 nique
367 1967 523 2033 terrarum
542 1968 698 2046 mediam,
720 1974 787 2036 im'o
810 1969 866 2034 vel
887 1969 927 2034 ed
948 1975 1042 2054 regni
1064 1975 1173 2048 sedem,
1190 1973 1259 2036 Hira

247 2051 384 2139 solyma,
406 2053 620 2141 occupandam
641 2053 751 2121 audaci
772 2057 880 2122 animo
898 2059 1139 2141 progredientes
1151 2061 1261 2140 fingitnr

246 2175 306 2226 tes.
349 2157 593 2229 Ascenderunt
613 2151 831 2248 (ἀναβαίνειν
850 2143 918 2256 Πὲῦζ
943 2167 1077 2228 verbum
1094 2155 1261 2250 propriunb

246 2247 399 2316 Judaeam
418 2239 711 2391 accedentibuspdn
730 2247 958 2314 latitudinem
975 2259 1092 2312 terrae
1110 2253 1134 2312 i.
1148 2272 1172 2316 e.
1189 2253 1257 2312 iio

247 2356 318 2398 ram
339 2326 401 2420 qu'a
420 2329 485 2394 late
506 2341 596 2415 patet
616 2323 710 2414 (lab.
734 2345 762 2410 1,
783 2331 836 2419 6),
869 2333 1022 2398 Judaeam
1054 2357 1161 2398 versus
1174 2347 1257 2420 prop

216 2425 219 2432 ⁴
247 2421 374 2484 dientes
396 2428 555 2484 terrarum
575 2417 774 2480 altissimam.
822 2415 894 2482 Imo
916 2409 980 2484 'vel
1000 2423 1073 2524 ipsa
1092 2419 1256 2496 Hieromus

248 2503 418 2577 obsidione
436 2503 586 2581 cingunt,
610 2501 793 2572 castellnm
815 2497 1048 2593 (παρεμβολη,
1082 2505 1247 2570 locusen'u·
1270 2531 1271 2550 .

245 2594 320 2679 piae
341 2589 568 2674 imponuntur,
590 2589 706 2660 statio,
730 2584 843 2675 castra)
864 2599 1084 2672 sanctorum,
1110 2593 1157 2680 qui
1196 2587 1202 2600 '

247 2679 314 2740 sint
334 2697 377 2736 ex
397 2695 430 2735 v.
451 2679 483 2742 6.
504 2672 558 2734 cll.
582 2683 632 2748 11,
654 2682 695 2744 13
714 2673 824 2760 ibique
855 2688 926 2740 not.
958 2688 1109 2762 apparet,
1141 2596 1246 2756 ἦ

247 2761 309 2826 deo
332 2766 508 2834 amntom3
529 2757 633 2844 ipsius
652 2756 955 2840 Hierosolymorum
975 2763 1123 2824 nominis
1140 2751 1255 2822 tis&

246 2850 275 2910 si
296 2865 421 2908 causam
442 2864 553 2908 veram
583 2843 623 2906 ad
645 2856 703 2924 11,
716 2855 747 2914 8.
779 2857 811 2908 et
836 2847 915 2909 alibi
947 2849 1076 2930 saepius
1096 2845 1190 2910 indica
1209 2870 1230 2895 r

247 2931 311 2994 Sed
331 2933 394 2994 huc
414 2949 514 3014 usque
534 2927 589 2990 ubi
610 2925 739 2994 audacia
766 2951 879 2994 eorum
909 2933 1069 3018 processit
1094 2929 1213 3004 nefaria,

244 3015 385 3082 'vindicis
406 3035 511 3098 poena
531 3005 615 3110 justa
635 3014 806 3102 inopinato
830 3018 997 3080 coercendi
1018 3029 1112 3094 sunt3
1141 3019 1209 3099 ignis
1227 3006 1254 3072 i·

246 3116 299 3168 tur
320 3099 454 3164 coelitus
477 3099 648 3175 demissus,
672 3121 735 3186 quo
753 3100 830 3164 deus
851 3101 991 3166 Sodoma
1011 3103 1131 3166 evertit
1159 3100 1221 3165 Gen.

246 3202 283 3252 ut
303 3189 342 3250 ab
363 3185 419 3249 ΕΖ.
441 3193 492 3262 39,
514 3191 545 3254 6.
565 3195 618 3260 38,
639 3185 679 3257 99
713 3185 767 3248 cll.
800 3185 865 3250 Jes.
897 3199 950 3266 29,
978 3195 1009 3258 6.
1037 3189 1081 3251 ad
1109 3187 1203 3274 popuii
1229 3181 1244 3240 d

245 3274 347 3336 sancti
367 3270 501 3333 tutelam
523 3269 670 3331 adhiberi
690 3271 840 3353 fingitur,
873 3274 920 3336 i'ta
955 3285 1071 3337 avete
1093 3288 1187 3336 nostro
1202 3271 1236 3330 hu

245 3357 387 3438 vestigia
405 3358 550 3436 legente3
572 3351 612 3417 cf.
629 3375 725 3441 supra
746 3367 777 3434 8,
799 3368 832 3428 7.
855 3369 905 3436 11,
922 3367 954 3429 5.
977 3370 1025 3436 13,
1049 3370 1104 3430 13.
1126 3359 1240 3422 Dotem
1258 3399 1261 3410 .

245 3447 292 3506 ris
313 3440 413 3505 futuri
436 3453 468 3503 et
488 3441 655 3527 praeteriti
668 3443 818 3506 ¹mixtura
841 3465 873 3504 v.
893 3452 1000 3514 7-10
1028 3439 1072 3506 ci.
1095 3467 1127 3528 p.
1149 3456 1192 3516 13.
1214 3463 1266 3500 tw

246 3531 309 3594 sibi
331 3530 367 3590 in
388 3527 516 3590 visione
538 3527 716 3590 exercitum
748 3523 814 3626 jam
835 3530 1045 3616 Satanamque
1075 3533 1191 3594 victum
1217 3550 1246 3577 ..-

244 3629 314 3678 tum
337 3613 450 3692 fingit,
487 3624 659 3699 postquam
690 3615 765 3706 ipso
796 3616 889 3679 mille
922 3638 1082 3678 annorum
1105 3621 1199 3704 spatio
1212 3634 1253 3690 τ’

127 3696 134 3706 ’
243 3701 309 3788 ipsi
334 3697 495 3783 praedicta
514 3699 590 3760 sint.
611 3731 655 3744 —-
678 3698 725 3762 V.
745 3711 795 3770 10.
818 3701 947 3762 Satanas
969 3702 1070 3782 igitur
1101 3693 1171 3794 jure
1188 3728 1238 3762 ιν

243 3789 281 3864 in
308 3797 473 3847 aeternum
499 3782 682 3867 puniendus
703 3779 908 3848 Antichristo
940 3797 973 3848 et
1003 3785 1236 3875 Pseudopropbe'

245 3892 324 3959 quos
346 3871 452 3942 socios
472 3867 534 3928 sibi
556 3871 592 3932 in
618 3881 702 3934 terra
723 3866 927 3972 adjunxerat,
958 3874 995 3936 in
1026 3869 1110 3937 Orco
1144 3871 1223 3938 associ
1258 3875 1259 3878 ’

245 3955 287 4020 of·
310 3966 359 4035 19.
377 3965 430 4030 20.

327 4127 362 4209 3)
384 4149 416 4190 v.
438 4133 573 4198 11-15.
595 4123 728 4212 Jamque
749 4136 824 4212 post
837 4117 975 4190 ‘ultimos
995 4139 1100 4193 terrae
1121 4111 1256 4213 iinptor

243 4221 366 4291 motor,
411 4215 485 4278 cum'
515 4211 614 4276 simul
651 4234 808 4278 annorum
838 4215 951 4290 mundi
981 4217 1091 4298 cyclus
1121 4217 1216 4278 sirrrtm
1233 4208 1256 4260 ³²⁴·
