2546 4868
29 369 72 438 Π.
98 365 293 438 Visiones.
324 369 382 438 ill.
401 385 435 450 2.
463 370 504 440 B.
520 384 551 450 1.
575 371 661 464 Cap.
678 381 736 458 11,
763 385 900 461 9-11-
953 384 1027 454 215

13 571 43 612 es
72 551 131 638 qui
161 551 223 615 dei
256 553 336 616 veri
366 556 453 616 cultu
476 551 755 640 (Christianismo)
777 566 885 639 spreto
907 557 1025 638 (v.'7.)

1 639 126 698 *christi
156 640 355 720 imaginem
384 641 518 702 adorent
545 641 619 716 vel,
650 639 865 725 quodminus
887 641 1040 718 videtur,'

15 723 72 784 inis
92 733 227 786 tautum
257 727 330 808 ejus
357 747 391 787 se
413 725 553 789 cultores
575 745 748 810 servosque
771 727 898 810 publice
919 730 1024 812 profi-

8 821 72 883 tur,
107 811 211 872 simul
245 833 327 892 cum
352 810 457 874 Roma
488 809 537 896 (v.
563 815 610 888 8‚)
646 811 809 894 perituros
836 813 1023 888 proclamat.

1 894 80 976 picit
98 896 199 976 igitur·
225 909 328 960 vates
349 897 389 960 ad
412 895 612 962 Antichristi
633 895 753 958 cultum
774 919 870 982 supra
889 909 940 974 13.
965 904 1024 968 tr·

24 977 217 1055 indicatum,
273 984 389 1068 bisque
417 1007 450 1046 v.
471 994 503 1056 9·
526 994 577 1052 11.
607 979 897 1072 sedulenominis
926 986 1024 1046 etiam

42 1065 239 1130 inscribendi
274 1061 447 1144 meminit,
477 1081 514 1130 ut
536 1069 736 1152 reipublice
759 1088 793 1129 se
818 1089 888 1162 eJus
910 1091 1023 1132 servos

11 1145 104 1212 dentes
122 1153 160 1216 in
181 1157 378 1220 maximum
398 1157 560 1218 incurrere
580 1157 701 1214 crimen
721 1164 892 1215 monstret.
940 1155 1025 1217 Poe-
1065 1231 1068 1246 ί

2 1253 19 1290 ¹1
40 1255 65 1293 Υ·
85 1247 135 1306 to.
156 1239 339 1324 duplicem
358 1243 526 1306 minitatur
543 1251 650 1316 vates,
675 1240 808 1300 alteram
826 1239 1024 1324 propiorem,

12 1339 66 1380 ram
90 1323 125 1388 in
153 1347 236 1387 sera
270 1326 437 1388 durantem
463 1328 580 1388 secula.
646 1320 846 1398 Antichristi
866 1325 970 1386 cultor
989 1335 1024 1389 et

6 1407 93 1477 ‘tacti
116 1403 228 1484 αὐτὸς
256 1414 283 1474 i.
301 1435 329 1473 e.
350 1406 419 1474 non
440 1401 551 1474 minus*
573 1431 667 1496 quam
689 1408 792 1470 [loma
812 1430 846 1470 v.
866 1421 906 1485 8,
928 1407 969 1474 cf.
990 1434 1022 1474 v.

2 1481 12 1566 )
41 1485 126 1554 bibet
147 1495 196 1557 de
223 1497 312 1559 vino
332 1495 389 1558 dei
402 1493 563 1582 fervido,
591 1497 731 1574 imagine
755 1515 870 1560 versus
891 1509 924 1566 8.
948 1511 1021 1582 apte

5 1572 127 1640 tinuata.
180 1580 230 1642 Ut
255 1585 345 1650 enim
367 1581 470 1644 Roma
489 1593 600 1662 gentes
621 1585 724 1644 ebrias
746 1577 843 1642 factas
860 1577 1025 1666 'depressit
1097 1615 1099 1622 ·

6 1659 84 1739 icit,
110 1664 160 1726 sic
185 1667 275 1730 deus
297 1669 399 1731 iratus
423 1669 502 1732 vino
525 1664 750 1753 fervidissimo
767 1663 817 1753 (ut
838 1663 948 1730 fervor
970 1669 1023 1730 dei

7 1743 55 1834 'ita
74 1750 189 1834 simul)
223 1751 377 1816 Romam-
394 1777 466 1816 cum
496 1755 643 1816 omnibus
664 1747 733 1849 ejus
745 1754 887 1824 ‘asseclis
910 1756 1022 1838 impiis

6 1831 71 1891 tabit
88 1839 273 1924 exitioque
293 1839 415 1914 tradet3
437 1839 522 1926 quod
543 1839 631 1902 idem
653 1834 803 1914 infraffi,
820 1848 870 1910 19.
890 1851 938 1913 18,
950 1847 1023 1909 3-6.

2 1917 69 1999 ‚rius
99 1921 315 1988 describitur.
373 1922 448 2006 Quo
473 1921 654 2009 fervidius
677 1925 791 1986 vinum
820 1924 1022 2000 describatur,

1 2012 64 2084 'prta
86 2019 163 2069 sunt
195 2013 301 2072 verba
321 2010 386 2092 τοῦ,
401 2010 645 2094 κεκερασμένου
665 2001 831 2096 ἀκράτου,
860 2032 939 2096 quae
961 2011 1023 2071 du·
1043 2037 1056 2066 τ
1087 2023 1089 2031 ’

6 2106 68 2147 tecm
92 2093 274 2158 admittere
306 2093 456 2158 vitientur
490 2097 801 2179 interpretationem.
866 2098 901 2156 Si
934 2098 1023 2158 enim

1 2179 242 2250 pictavinum
265 2191 389 2244 tantum
413 2183 567 2267 (proprie
590 2185 736 2256 merram)
758 2181 939 2260 significare
960 2203 1024 2267 pu·

2 2274 28 2328 s,
51 2257 164 2326 vinnm
196 2264 355 2328 mixtum
385 2265 424 2327 de
453 2267 532 2328 vino
555 2264 707 2326 admixtis
729 2269 922 2330 aromatibus
942 2288 1024 2330 con-

6 2348 28 2399 to
47 2338 218 2412 fervidiori
248 2351 462 2432 cogitandum
483 2347 659 2422 esset,.cf.
681 2348 839 2417 Gesenius
867 2354 903 2414 in
934 2349 1023 2416 com·
1074 2400 1078 2422 ,

1 2437 47 2486 ent·
72 2431 109 2492 ad
136 2435 211 2498 les.
234 2441 265 2511 5,
287 2448 340 2506 22.
379 2436 458 2510 „Sed
479 2437 526 2498 ita
547 2435 607 2502 coti
628 2431 870 2521 κεκερασμένου
893 2440 1026 2524 simpli-

1 2518 33 2568 ter
57 2530 118 2579 erat
151 2521 348 2598 dicendum,
397 2545 470 2586 cum
502 2517 645 2605 ἄκρατος
675 2519 805 2584 Graecis
836 2526 950 2590 vinum
980 2527 1025 2586 sit

5 2613 77 2662 rum
96 2604 118 2664 i.
135 2627 165 2669 e.
189 2609 274 2692 aqua'
289 2631 358 2670 non
379 2607 518 2670 dilutum
529 2617 561 2668 et
572 2606 801 2691 temperatum,
822 2631 920 2696 aquae
935 2613 1025 2682 enirn
1042 2609 1046 2614 ’
1092 2615 1094 2622 ’

1 2699 31 2774 tls
64 2685 159 2774 duplo
200 2715 327 2759 merum
360 2695 400 2754 ob
438 2691 581 2754 Orientis
609 2696 802 2778 temperiem
837 2694 1044 2763 calidiorem
1080 2695 1082 2704 ’

5 2769 144 2838 terebatur.
173 2773 175 2775 ’
191 2777 296 2858 Igitur
318 2801 392 2840 cum
411 2778 554 2848 miscere
572 2775 694 2840 vinum
714 2777 752 2840 in
762 2778 887 2862 poculo
902 2801 943 2842 ex
960 2783 1022 2842 hoc

1 2868 45 2912 tare
60 2860 98 2919 sit
118 2862 142 2926 i.
162 2887 197 2951 q.
213 2862 320 2948 potui
334 2883 484 2949 parare,
499 2927 501 2932 a
516 2861 638 2926 vinum
659 2861 713 2924 ita
729 2861 834 2948 potui
850 2876 1022 2947 paratum

1 2933 112 3022 uirtute)
142 2959 185 3010 ut
216 2963 350 3016 mertam
377 2946 449 3022 sit,
480 2949 595 3011 vinum
613 2959 723 3024 notat,
760 2949 834 3033 quia
854 2969 934 3044 aqua
954 2973 1023 3012 non
1102 2996 1104 2999 -
1189 3029 1195 3042 ἱ

1 3041 159 3104 uper-atum
173 3044 240 3108 est,
254 3028 550 3116 fervidissimum.
584 3030 677 3116 Quae
692 3035 864 3095 verborum
877 3036 1024 3132 Juncttira

9 3111 62 3171 avis
84 3127 115 3176 et
143 3121 235 3183 acute
254 3119 309 3178 hic
328 3119 435 3203 placet
454 3113 645 3216 juvaturque
666 3119 738 3180 loco
755 3115 877 3180 LXX.
902 3120 956 3182 Ps.
970 3129 1022 3198 75,

19 3213 62 3273 ubi
80 3215 223 3306 ἄκρατος
242 3245 302 3308 pro
325 3227 404 3308 51253
417 3218 704 3308 fervensvt‘num
723 3224 868 3309 ponitur.
883 3262 928 3284 -,-
957 3222 1023 3290 ΑΙ-

1 3305 29 3352 rta
55 3320 153 3384 poena
182 3311 262 3370 haec
290 3293 359 3387 eit,
398 3307 483 3398 quod
512 3305 666 3369 cruciatus
700 3311 848 3394 perpetui
878 3313 915 3376 in
947 3313 1024 3394 igne

1 3370 81 3446 tiemo
111 3393 233 3480 impios
254 3407 397 3458 manent.
447 3394 558 3475 Imago
580 3393 659 3455 haec
680 3391 880 3460 flammarum
902 3399 1023 3486 impios

1 3478 40 3526 est
56 3490 187 3546 mortem
207 3474 243 3544 in
265 3477 399 3544 Tartaro
421 3476 584 3567 perpetuo*
597 3481 808 3558 torrentium,
821 3483 866 3556 ¹in
888 3483 1024 3549 seriori·-

1 3563 24 3607 ts
46 3565 161 3628 tantum
188 3564 234 3628 V.
257 3563 297 3628 T.
318 3559 411 3637 libris
432 3565 707 3642 immortalitatem
726 3569 852 3631 animae
872 3571 1024 3632 testanti-

0 3653 28 3692 a,
49 3645 135 3711 obvia
168 3650 311 3738 (primus
340 3677 377 3716 ea
405 3651 631 3716 ususvidetur
651 3655 810 3737 propheta
819 3658 935 3724 ,serior
959 3656 1050 3716 Jes.'

1 3716 23 3811 [a
39 3733 82 3798 ‘24‘-
105 3757 257 3799 unacum
278 3741 341 3802 alia
362 3740 401 3802 de
425 3731 598 3803 vermibus
619 3757 673 3796 cot·
693 3755 847 3824 perpetuo
870 3739 1024 3802 arroden-
1085 3763 1086 3768 ¹

1 3801 48 3868 thus
67 3817 200 3902 imagine
221 3823 348 3890 diversa
370 3847 387 3888 e
409 3820 585 3910 sepulchri
603 3831 716 3884 natura
737 3825 881 3888 desumta
901 3821 943 3886 cf.
959 3825 1025 3888 Jes.
1103 3878 1109 3888 ,

0 3891 102 3975 42113·
121 3909 245 3996 saepius
266 3913 302 3974 in
323 3912 520 3998 apocryphis
540 3905 624 3968 redit
646 3907 709 3970 Sir.
730 3918 762 3985 7,
785 3923 836 3981 17.
857 3909 956 3988 ludit,
975 3917 1026 3986 16,

0 3975 26 4038 t7.
44 3983 132 4053 tEsr.
151 4017 182 4080 p.
198 4002 275 4081 237,
295 3999 346 4060 ed.
368 3997 492 4074 Fabr.),
513 4003 550 4055 ut
570 3995 677 4076 poetis
698 3995 782 4058 haud
805 3996 900 4058 dubie
922 3993 1026 4076 origi-

11 4075 48 4123 ffitt
71 4070 152 4142 debet
179 4081 224 4140 ita
245 4102 288 4146 ex
309 4085 409 4147 variis
429 4080 618 4151 notionibus
640 4083 810 4166 paullatim
832 4093 901 4143 orta
923 4091 1027 4144 estet

8 4151 112 4220 truita,
154 4165 283 4233 Scilicet
321 4190 434 4234 ornnes
464 4161 667 4253 antiquitatis
707 4169 822 4253 populi
854 4168 1026 4256 voragines
